1872 2964
94 314 144 350 te
174 297 232 348 ad
263 296 566 367 imaginem,
603 300 655 352 &
683 299 1063 352 similitudinem
1093 298 1225 353 suam
1249 310 1432 350 creatus
1447 292 1558 348 fuit:

91 368 290 436 hujusce
323 388 442 421 vero
477 371 727 420 Trinitatis
756 370 971 423 Personae
1005 373 1056 423 in
1085 373 1298 438 ejusdem
1334 368 1556 420 hominis

88 440 440 514 justificationis
469 444 727 512 negotium
767 463 868 494 non
897 442 1285 511 conspirabunt?
1331 444 1552 506 Ergone,

89 531 143 565 ut
177 511 490 565 efficeremur
515 516 690 580 justitia
726 516 819 567 Dei
849 516 901 565 in
928 516 1126 567 Christo
1155 515 1254 583 (a),
1286 515 1418 567 istius
1455 527 1554 562 coe·

89 586 220 636 lestis
251 586 471 638 hominis
499 586 774 654 imaginem
805 601 1048 653 portantes
1076 621 1089 640 ‚
1123 592 1286 639 minus
1311 579 1555 637 interfuis-

86 655 136 709 se
172 659 398 707 Trinitati
431 658 700 708 dicendum
733 690 749 714 ‚
796 675 943 725 quam
981 673 1031 709 ut
1059 658 1337 727 imaginem
1372 651 1556 706 terreni

90 745 398 798 portaremus
428 732 532 795 (b)?
874 744 878 746 ·

238 803 507 859 Enimvero
537 802 674 852 Pater
694 835 707 857 ‚
737 801 821 871 qui
850 800 919 852 est
955 802 1085 852 Deus
1119 802 1438 871 omnipotens
1458 832 1470 851 ‚
1501 799 1557 849 &

88 869 335 930 clemens,
366 876 497 940 cujus
528 890 695 923 natura
728 873 914 924 bonitas
934 908 945 928 ,
971 877 1098 936 cujus
1126 893 1246 942 opus
1279 869 1559 924 misericor-

87 945 169 994 dia
200 946 293 1001 est,
328 962 380 996 ut
410 946 601 1013 optime
632 946 827 996 testatur
848 946 1045 996 §anetus
1078 949 1179 997 Leo
1208 950 1272 1012 (c)
1295 980 1305 1000 ‚
1329 942 1427 1013 ipse
1447 958 1558 1007 pro·

87 1014 223 1068 :festo
260 1035 420 1084 neque
452 1019 502 1067 in
533 1014 845 1068 conferendis
866 1013 1118 1069 beneficiis
1138 1019 1429 1084 defatigatur
1446 1048 1459 1069 2
1477 1031 1561 1064 ne·

90 1104 187 1153 que
211 1087 270 1138 ab
303 1089 535 1156 ingratis,
569 1105 650 1139 aut
678 1084 931 1155 flagitiofis
961 1087 1252 1140 hominibus
1299 1086 1431 1138 suam
1476 1103 1556 1134 vo·

84 1159 329 1210 luntatem
360 1160 566 1210 alienat.
599 1159 747 1210 Filius
778 1170 942 1210 autem
980 1193 993 1215 ‚
1033 1178 1182 1230 quem
1221 1165 1350 1213 Deus
1382 1154 1558 1209 consti-

82 1231 179 1282 tuit
211 1231 462 1283 haeredem
492 1229 840 1281 universorum
864 1263 876 1284 ‚
905 1249 989 1299 per
1010 1249 1156 1300 quem
1184 1231 1302 1284 fecit
1329 1236 1381 1284 ὃ(
1415 1230 1560 1280 iaecu·

84 1302 132 1354 la
163 1303 262 1367 (ὣς
294 1301 393 1370 ipse
410 1302 643 1370 splendor
675 1300 845 1369 gloriae
866 1337 877 1356 ,
895 1308 947 1356 ὅζ
973 1299 1128 1372 figura
1160 1301 1427 1355 substantiae
1447 1304 1561 1366 ejus,

89 1372 387 1443 portansque
420 1375 590 1426 omnia
621 1372 775 1424 verbo
810 1374 1004 1425 virtutis
1020 1373 1140 1434 suae3
1175 1372 1274 1444 ipse
1303 1374 1387 1424 lux
1417 1373 1467 1423 in
1490 1386 1558 1421 te-

87 1443 255 1497 nebris
289 1445 456 1497 lucens
481 1446 564 1511 (e),
600 1450 652 1500 ὃς
684 1444 784 1514 ipse
822 1449 980 1501 Deus,
1013 1445 1348 1498 misericordia
1393 1455 1557 1495 motus

88 1537 193 1569 non
231 1517 387 1570 vilem
432 1517 587 1569 modo
636 1518 857 1569 hominis
903 1534 1123 1569 naturam
1180 1515 1382 1585 sumpsit
1414 1550 1426 1570 ‚
1475 1511 1560 1564 sed

85 1590 237 1640 etiarn
267 1590 687 1640 contumeliarum
727 1590 863 1641 mole
903 1604 1136 1660 tanquam
1174 1589 1327 1642 fluctu
1354 1584 1556 1639 obrutus

85 1658 272 1712 sacram
310 1659 458 1712 subiit
479 1677 696 1713 mortem
716 1695 728 1716 ‚
755 1676 808 1712 ut
838 1677 999 1712 morte
1031 1659 1109 1712 sua
1147 1664 1301 1713 vitam
1337 1656 1556 1710 homini-

85 1731 203 1788 bus,
235 1732 612 1799 libertatemque
641 1733 943 1791 restitueret3
974 1738 1026 1786 ὃς
1057 1734 1134 1785 his
1158 1730 1271 1786 esset
1301 1732 1380 1782 via
1400 1765 1412 1786 ,
1448 1745 1554 1798 quae

84 1821 246 1854 errare
267 1839 278 1858 ,
306 1803 480 1854 veritas
500 1838 512 1860 ,
544 1820 647 1872 quae
696 1803 896 1872 decipi,
929 1806 1126 1873 vitaque
1176 1806 1386 1855 demum
1407 1833 1419 1856 2
1453 1814 1558 1870 quae

84 1873 319 1926 mortales
347 1872 648 1927 occumbere
677 1895 778 1927 non
828 1891 1071 1945 pateretur
1096 1913 1106 1924 .
1139 1876 1368 1928 Tandem
1405 1872 1553 1939 Spiri-

86 1961 160 1997 tus
191 1947 388 1998 Sanctus
415 1979 429 2000 ‚
477 1963 538 1998 ex
573 1946 633 1997 iis
658 1947 914 1997 charitatis
958 1944 1175 1996 flammis
1203 1981 1215 2001 ,
1251 1945 1424 2011 quibus
1457 1940 1555 1993 sese

83 2019 226 2069 Pater
245 2051 259 2074 ‚
295 2015 537 2085 Piliusque
568 2016 937 2085 ampletstuntur
956 2052 968 2073 ‚
990 2017 1258 2084 procedens
1278 2051 1290 2071 ,
1321 2013 1420 2083 ipse
1449 2014 1555 2083 qui-

87 2091 206 2140 dem
238 2091 328 2146 est,
359 2108 382 2138 a
411 2107 509 2159 quo
542 2105 631 2156 pax
651 2122 662 2143 ‚
689 2088 928 2154 gaudium
965 2122 978 2143 ‚
1013 2092 1065 2141 &
1109 2088 1335 2139 {olatium
1355 2121 1368 2141 ‚
1398 2105 1424 2136 a
1453 2103 1555 2154 quo

86 2163 261 2231 justitia
279 2198 291 2218 ‚
327 2163 578 2230 integritas
595 2197 607 2216 ‚
627 2161 979 2213 &innocentia
1003 2195 1017 2217 ‚
1044 2179 1067 2210 a
1089 2179 1186 2230 quo
1215 2159 1432 2212 libertas,
1453 2157 1556 2210 san-

88 2235 254 2289 ἃίωε,
288 2239 340 2287 &
371 2233 642 2302 perfetstio,
680 2234 948 2302 omniaque
978 2234 1191 2285 coelestia
1221 2250 1422 2283 munera
1443 2249 1556 2298 pro-

89 2305 373 2358 ficiicuntur
403 2345 412 2354 .
461 2308 583 2368 Quae
620 2322 732 2356 cum
779 2307 840 2356 ita
875 2305 969 2356 sint
1000 2341 1012 2362 ‚
1048 2307 1156 2376 quis
1191 2306 1313 2356 adeo
1361 2304 1555 2372 penitus

91 2397 191 2429 non
221 2377 482 2447 perspiciet
513 2379 838 2431 concordiam
870 2380 1026 2431 trium
1059 2375 1374 2430 Personarum
1407 2410 1421 2431 ,
1469 2392 1553 2427 nc,

1371 2462 1545 2499 omnes

129 2588 1514 2602 -ῄι-υ--ῇ--ι--ῼ--ι--σ-

148 2626 209 2671 (α)
237 2624 335 2663 ibid.
354 2637 391 2670 ς.
412 2638 428 2662 2
444 2639 476 2662 1.
542 2625 602 2672 (b)
640 2638 673 2664 1.
694 2631 746 2664 ad
760 2624 929 2665 Corinth.
952 2635 1014 2673 13.
1032 2634 1103 2669 41.

145 2690 206 2737 (c)
223 2693 382 2725 >erm-2·
396 2686 443 2725 de
457 2688 562 2725 Nat.
583 2692 697 2726 hom,
731 2684 793 2735 (d)
808 2687 862 2724 ad
876 2684 1029 2723 Hebrae.
1050 2697 1129 2724 1.2·
1147 2681 1194 2723 CL*
1212 2694 1250 2733 3.
1270 2682 1325 2732 (e)
1339 2679 1449 2736 Joan.
1472 2691 1535 2729 15„
