1872 2964
312 322 486 360 omnes
521 322 610 375 pro
647 306 787 359 nobis
820 304 939 358 stare
959 309 1171 375 judicet?
1205 305 1329 372 Quis
1348 307 1415 359 est
1439 340 1452 361 ‚
1483 306 1567 375 qui
1601 308 1779 363 harum

313 378 604 430 consensum
636 379 1031 447 conspirantem,
1066 385 1117 432 δε
1151 398 1276 446 pene
1306 376 1575 431 conflatum
1616 380 1663 431 in
1695 403 1777 435 no-

312 453 415 503 ssrae
450 450 608 500 salutis
642 470 761 518 opus
796 471 894 504 non
933 452 1171 502 noverit?
1201 452 1460 501 Credenda
1498 451 1649 517 igitur
1679 489 1692 509 ,
1724 460 1779 508 &

313 519 631 591 suppliciter,
665 522 968 592 demisseque
998 524 1236 578 colenda,
1267 527 1318 574 ὃς
1349 523 1505 589 quoad
1542 527 1634 583 ejus
1672 523 1782 577 fieri

315 595 472 663 potest
494 628 505 649 ‚
523 595 957 645 vehementissime
987 595 1193 646 amanda
1213 591 1352 644 nobis
1378 593 1445 643 est
1473 593 1782 653 sanctillima,

315 670 367 718 ὅς
404 666 918 735 incomprehensibilis
953 670 1187 723 Trinitas3
1222 668 1356 716 Pater
1386 662 1624 733 siquidem
1654 702 1666 723 ‚
1694 670 1779 737 qui

313 735 498 788 creavit
535 757 650 791 nos,
683 738 827 788 Filius
863 772 877 791 ,
917 740 999 805 qui
1054 739 1265 788 redemit
1297 772 1310 793 ,
1357 741 1409 789 c&
1442 738 1645 803 spiritus
1674 743 1780 790 Sar-

313 809 422 859 ‹stus
457 845 468 865 ‚
513 811 594 878 qui
633 806 770 859 nobis
810 808 1055 859 :summam
1095 808 1370 859 coelestium
1419 808 1666 859 donorum
1701 830 1781 862 ce-

316 882 450 950 piam
490 880 692 948 laxgitus
725 882 818 933 est:
851 882 1016 938 Pater,
1046 880 1247 948 inquam
1270 915 1281 930 .
1307 883 1435 947 cnjus
1465 882 1781 949 omnipoten-

313 954 377 1003 tia
408 951 676 1008 fulcimur,
703 970 758 1003 ac
791 950 1110 1003 sustentamur
1131 990 1143 1008 ,
1170 953 1316 1003 Filius
1337 986 1349 1005 ‚
1380 956 1510 1015 cujus
1542 950 1775 1019 sapientia

313 1043 401 1076 nos
434 1025 673 1091 regendos
704 1022 900 1093 suscipit
931 1059 944 1079 ‚
993 1029 1046 1076 &
1078 1025 1278 1091 Spiritus
1321 1024 1521 1075 Sanctus
1544 1059 1556 1078 ‚
1591 1042 1615 1073 a
1649 1032 1777 1093 cujus

312 1094 542 1148 bonitatis
568 1096 705 1147 fonte
734 1095 922 1147 beatam
947 1100 1099 1147 vitam
1130 1097 1380 1146 haurimus
1398 1130 1410 1150 ‚
1443 1101 1494 1148 ὃς
1513 1099 1641 1158 cujus
1666 1100 1777 1148 cha-

316 1169 474 1218 ritatis
507 1170 623 1237 igne
657 1186 829 1219 omnes
859 1170 918 1218 ad
950 1184 1180 1219 aeternam
1222 1168 1436 1235 gloriam
1463 1201 1474 1223 ,
1505 1171 1555 1219 &
1603 1170 1661 1219 ad
1692 1188 1776 1226 ea,

313 1257 415 1309 quae
453 1238 637 1291 sursum
672 1237 803 1296 sunt,
828 1259 924 1291 non
960 1259 1063 1310 quae
1099 1239 1235 1306 super
1272 1255 1484 1293 terram,
1517 1242 1774 1305 quaerenda

316 1312 684 1364 ir-cenduntur.
717 1313 808 1362 Sed
841 1328 889 1362 ut
922 1313 1116 1362 nullum
1156 1329 1180 1359 a
1217 1309 1354 1360 nobis
1386 1307 1501 1360 fidei
1534 1343 1547 1365 ,
1578 1311 1777 1363 uulluin

315 1385 648 1436 venerationis
669 1418 682 1439 ,
708 1385 901 1434 nullum
938 1385 1119 1434 amoris
1157 1383 1368 1433 studium
1394 1384 1619 1430 Trinitati
1645 1381 1779 1434 dces-

314 1451 362 1504 se
393 1455 644 1512 videatur,
677 1457 848 1512 decet,
879 1461 931 1509 ὃς
965 1456 1197 1506 convenit
1227 1452 1365 1504 nobis
1398 1454 1776 1522 omnipotentiae

313 1527 463 1576 Patris
495 1525 781 1579 submittere
813 1529 1038 1578 animum
1062 1529 1311 1581 nostrum,
1335 1524 1523 1594 ejusque
1551 1527 1778 1579 domina·

311 1611 363 1646 tu
397 1600 502 1664 regi
525 1635 536 1655 ‚
567 1606 619 1653 δέ
650 1619 736 1652 nos
754 1600 814 1650 ad
850 1599 955 1650 Filii
986 1598 1269 1664 sapientiam
1302 1598 1506 1652 dedere,
1539 1613 1680 1666 atque
1705 1602 1776 1668 ip-

311 1666 404 1722 sius
426 1669 683 1738 disciplina
715 1671 880 1721 doceri
912 1706 924 1725 ,
968 1676 1019 1723 &
1055 1669 1317 1739 gubernari
1349 1704 1362 1724 ,
1394 1669 1642 1736 postremo
1669 1686 1772 1722 tan*

313 1739 429 1793 dem
466 1760 525 1791 eo
554 1744 615 1792 de
644 1743 849 1811 Spiritus
871 1742 1031 1793 Sancti
1068 1742 1287 1805 bonitate
1312 1739 1564 1790 confidere
1585 1773 1598 1793 ,
1630 1755 1680 1790 ut
1713 1740 1775 1793 ab

312 1806 383 1862 sui
423 1815 603 1863 amoris
635 1811 882 1864 illecebris
901 1831 988 1862 nos
1009 1812 1220 1877 pertrahi
1242 1811 1364 1875 aequi
1385 1806 1598 1877 bonique
1632 1809 1774 1864 facia-

313 1901 448 1935 mus.
480 1884 616 1934 Hinc
645 1882 794 1935 finem
818 1879 947 1951 ,jam
981 1880 1155 1931 faciam
1186 1899 1199 1938 ς
1245 1897 1459 1951 cumque
1506 1882 1554 1931 in
1607 1882 1772 1934 horni-

312 1974 433 2007 num
468 1971 634 2005 mente
662 1954 885 2023 quaedam
917 1950 1128 2021 ejusdem
1161 1956 1410 2001 Trinitatis
1430 1953 1598 2020 imago
1618 1972 1642 2002 a
1664 1952 1768 2006 san-

311 2026 404 2078 &is
440 2023 652 2078 Patribus
683 2027 1025 2092 dignoscatur,
1056 2023 1332 2075 exclamare
1366 2025 1508 2075 liceat
1539 2042 1654 2075 cum
1685 2028 1772 2079 Di-

313 2116 379 2148 vo
410 2099 658 2150 Bernardo
682 2099 773 2162 (a):
807 2118 838 2147 o
868 2096 1001 2149 beata
1020 2131 1031 2150 ‚
1063 2100 1112 2149 ὅ(
1150 2094 1424 2148 beatificans
1448 2098 1682 2154 Trzm'tas,
1706 2101 1770 2152 ad

311 2187 360 2223 te
388 2190 493 2222 mea
526 2168 699 2222 misera
730 2171 916 2221 trinitas
945 2165 1284 2221 miserabiliter
1322 2168 1518 2236 suspirat
1548 2188 1563 2227 3
1595 2188 1709 2221 nam
1744 2190 1772 2222 a

310 2258 360 2292 te
413 2242 667 2294 discedens
716 2244 888 2295 multis
941 2239 1192 2295 doloribus
1216 2275 1230 2298 ,
1279 2240 1635 2295 calamitatibus
1660 2277 1674 2298 ‚
1712 2247 1768 2294 δε

315 2316 542 2366 aerumnis
568 2316 840 2370 involvitur
865 2350 877 2363 .

777 2436 1310 2508 FINIS.

347 2605 1728 2623 —————-**—m*—

367 2643 426 2693 (a)
455 2649 573 2682 berm.
590 2643 615 2681 I
620 2644 638 2681 1
646 2668 655 2679 .
659 2642 749 2695 sup.
767 2645 883 2683 Cant.
