<?xml version="1.0" encoding="UTF-8"?>
<!DOCTYPE html PUBLIC "-//W3C//DTD XHTML 1.0 Transitional//EN"
    "http://www.w3.org/TR/xhtml1/DTD/xhtml1-transitional.dtd">
<html xmlns="http://www.w3.org/1999/xhtml" xml:lang="en" lang="en">
 <head>
  <title>
</title>
<meta http-equiv="Content-Type" content="text/html;charset=utf-8" />
  <meta name='ocr-system' content='tesseract 3.04.00' />
  <meta name='ocr-capabilities' content='ocr_page ocr_carea ocr_par ocr_line ocrx_word'/>
</head>
<body>
  <div class='ocr_page' id='page_1' title='image "./deineffabilitrin00stam_0010.png"; bbox 0 0 1872 2964; ppageno 0'>
   <div class='ocr_carea' id='block_1_1' title="bbox 253 316 1741 2460">
    <p class='ocr_par' dir='ltr' id='par_1_1' title="bbox 253 316 1738 1256">
     <span class='ocr_line' id='line_1_1' title="bbox 253 316 1729 389; baseline -0.003 -15"><span class='ocrx_word' id='word_1_1' title='bbox 253 319 457 379; x_wconf 71' lang='lat' dir='ltr'><strong>inficiati</strong></span> <span class='ocrx_word' id='word_1_2' title='bbox 493 316 632 377; x_wconf 81' lang='lat' dir='ltr'><strong>sunt5</strong></span> <span class='ocrx_word' id='word_1_3' title='bbox 665 317 746 370; x_wconf 85' lang='lat' dir='ltr'><strong>sed</strong></span> <span class='ocrx_word' id='word_1_4' title='bbox 778 323 828 374; x_wconf 62' lang='lat' dir='ltr'><strong>&amp;c</strong></span> <span class='ocrx_word' id='word_1_5' title='bbox 863 339 1083 374; x_wconf 87' lang='lat' dir='ltr'><strong>recentes</strong></span> <span class='ocrx_word' id='word_1_6' title='bbox 1111 320 1290 372; x_wconf 70' lang='lat' dir='ltr'><strong>Deistae</strong></span> <span class='ocrx_word' id='word_1_7' title='bbox 1317 354 1328 376; x_wconf 75' lang='lat'>‚</span> <span class='ocrx_word' id='word_1_8' title='bbox 1357 320 1440 389; x_wconf 73' lang='lat' dir='ltr'><strong>qui</strong></span> <span class='ocrx_word' id='word_1_9' title='bbox 1464 354 1477 375; x_wconf 86' lang='lat'><strong>,</strong></span> <span class='ocrx_word' id='word_1_10' title='bbox 1506 335 1610 388; x_wconf 73' lang='lat' dir='ltr'><strong>qute</strong></span> <span class='ocrx_word' id='word_1_11' title='bbox 1645 320 1729 379; x_wconf 60' lang='lat' dir='ltr'><strong>de,</strong></span> 
     </span>
     <span class='ocr_line' id='line_1_2' title="bbox 255 390 1731 464; baseline 0.001 -19"><span class='ocrx_word' id='word_1_12' title='bbox 255 401 369 449; x_wconf 86' lang='lat' dir='ltr'><strong>Deo</strong></span> <span class='ocrx_word' id='word_1_13' title='bbox 403 390 759 462; x_wconf 84' lang='lat' dir='ltr'><strong>praedicantur‚</strong></span> <span class='ocrx_word' id='word_1_14' title='bbox 793 412 847 445; x_wconf 85' lang='lat' dir='ltr'><strong>ea</strong></span> <span class='ocrx_word' id='word_1_15' title='bbox 876 395 956 446; x_wconf 86' lang='lat' dir='ltr'><strong>vel</strong></span> <span class='ocrx_word' id='word_1_16' title='bbox 991 395 1309 464; x_wconf 86' lang='lat' dir='ltr'><strong>impudenter</strong></span> <span class='ocrx_word' id='word_1_17' title='bbox 1346 408 1609 460; x_wconf 75' lang='lat' dir='ltr'><strong>negantes,</strong></span> <span class='ocrx_word' id='word_1_18' title='bbox 1647 395 1731 447; x_wconf 87' lang='lat' dir='ltr'><strong>vel</strong></span> 
     </span>
     <span class='ocr_line' id='line_1_3' title="bbox 258 464 1736 538; baseline -0.001 -20"><span class='ocrx_word' id='word_1_19' title='bbox 258 480 523 538; x_wconf 82' lang='lat' dir='ltr'><strong>perperam</strong></span> <span class='ocrx_word' id='word_1_20' title='bbox 566 469 937 530; x_wconf 82' lang='lat' dir='ltr'>pronuntiantes</span> <span class='ocrx_word' id='word_1_21' title='bbox 976 502 989 520; x_wconf 91' lang='lat'>‚</span> <span class='ocrx_word' id='word_1_22' title='bbox 1024 486 1050 516; x_wconf 88' lang='lat' dir='ltr'>a</span> <span class='ocrx_word' id='word_1_23' title='bbox 1087 469 1475 517; x_wconf 79' lang='lat' dir='ltr'>TRINITATIS</span> <span class='ocrx_word' id='word_1_24' title='bbox 1505 464 1604 517; x_wconf 77' lang='lat' dir='ltr'><strong>fide</strong></span> <span class='ocrx_word' id='word_1_25' title='bbox 1641 468 1736 517; x_wconf 82' lang='lat' dir='ltr'><strong>irn-</strong></span> 
     </span>
     <span class='ocr_line' id='line_1_4' title="bbox 261 534 1738 608; baseline 0 -17"><span class='ocrx_word' id='word_1_26' title='bbox 261 558 411 594; x_wconf 86' lang='lat' dir='ltr'><strong>mane</strong></span> <span class='ocrx_word' id='word_1_27' title='bbox 435 551 674 604; x_wconf 83' lang='lat' dir='ltr'><strong>quantum</strong></span> <span class='ocrx_word' id='word_1_28' title='bbox 709 534 1011 608; x_wconf 83' lang='lat' dir='ltr'><strong>discrepant!</strong></span> <span class='ocrx_word' id='word_1_29' title='bbox 1039 540 1206 602; x_wconf 86' lang='lat' dir='ltr'><strong>Quare</strong></span> <span class='ocrx_word' id='word_1_30' title='bbox 1235 554 1345 587; x_wconf 84' lang='lat' dir='ltr'><strong>eam</strong></span> <span class='ocrx_word' id='word_1_31' title='bbox 1377 534 1616 606; x_wconf 71' lang='lat' dir='ltr'><strong>sapienter</strong></span> <span class='ocrx_word' id='word_1_32' title='bbox 1636 539 1738 591; x_wconf 75' lang='lat' dir='ltr'><strong>san—</strong></span> 
     </span>
     <span class='ocr_line' id='line_1_5' title="bbox 260 607 1735 676; baseline -0.003 -11"><span class='ocrx_word' id='word_1_33' title='bbox 260 610 491 665; x_wconf 70' lang='lat' dir='ltr'><strong>&amp;tiffimae</strong></span> <span class='ocrx_word' id='word_1_34' title='bbox 524 610 596 674; x_wconf 86' lang='lat' dir='ltr'><strong>(a)</strong></span> <span class='ocrx_word' id='word_1_35' title='bbox 641 607 900 676; x_wconf 83' lang='lat' dir='ltr'><strong>religionis</strong></span> <span class='ocrx_word' id='word_1_36' title='bbox 947 609 1331 663; x_wconf 76' lang='lat' dir='ltr'><strong>fundamentum</strong></span> <span class='ocrx_word' id='word_1_37' title='bbox 1360 644 1373 665; x_wconf 91' lang='lat'><strong>,</strong></span> <span class='ocrx_word' id='word_1_38' title='bbox 1426 617 1479 663; x_wconf 74' lang='grc' dir='ltr'><strong>ὅζ</strong></span> <span class='ocrx_word' id='word_1_39' title='bbox 1519 613 1735 663; x_wconf 81' lang='lat' dir='ltr'><strong>veritatis</strong></span> 
     </span>
     <span class='ocr_line' id='line_1_6' title="bbox 259 679 1736 751; baseline -0.001 -14"><span class='ocrx_word' id='word_1_40' title='bbox 259 685 521 737; x_wconf 84' lang='lat' dir='ltr'><strong>vinculum</strong></span> <span class='ocrx_word' id='word_1_41' title='bbox 569 682 801 732; x_wconf 83' lang='lat' dir='ltr'>nonnulli</span> <span class='ocrx_word' id='word_1_42' title='bbox 854 699 1098 734; x_wconf 77' lang='lat' dir='ltr'><strong>vocarunt</strong></span> <span class='ocrx_word' id='word_1_43' title='bbox 1136 704 1148 734; x_wconf 90' lang='lat'>:</span> <span class='ocrx_word' id='word_1_44' title='bbox 1203 679 1421 749; x_wconf 85' lang='lat' dir='ltr'><strong>Tibique</strong></span> <span class='ocrx_word' id='word_1_45' title='bbox 1466 682 1516 731; x_wconf 89' lang='lat' dir='ltr'><strong>in</strong></span> <span class='ocrx_word' id='word_1_46' title='bbox 1561 686 1736 751; x_wconf 85' lang='lat' dir='ltr'><strong>primis</strong></span> 
     </span>
     <span class='ocr_line' id='line_1_7' title="bbox 260 752 1735 825; baseline -0.004 -13"><span class='ocrx_word' id='word_1_47' title='bbox 260 761 361 813; x_wconf 91' lang='lat' dir='ltr'><strong>hoc</strong></span> <span class='ocrx_word' id='word_1_48' title='bbox 386 759 537 808; x_wconf 82' lang='lat' dir='ltr'><strong>haeret</strong></span> <span class='ocrx_word' id='word_1_49' title='bbox 567 755 738 803; x_wconf 86' lang='lat' dir='ltr'><strong>animo</strong></span> <span class='ocrx_word' id='word_1_50' title='bbox 768 754 833 803; x_wconf 87' lang='lat' dir='ltr'><strong>ita</strong></span> <span class='ocrx_word' id='word_1_51' title='bbox 869 752 1081 807; x_wconf 80' lang='lat' dir='ltr'><strong>infixum</strong></span> <span class='ocrx_word' id='word_1_52' title='bbox 1102 788 1115 810; x_wconf 93' lang='lat'><strong>,</strong></span> <span class='ocrx_word' id='word_1_53' title='bbox 1149 768 1200 803; x_wconf 91' lang='lat' dir='ltr'><strong>ut</strong></span> <span class='ocrx_word' id='word_1_54' title='bbox 1244 755 1296 804; x_wconf 91' lang='lat' dir='ltr'><strong>in</strong></span> <span class='ocrx_word' id='word_1_55' title='bbox 1342 759 1491 823; x_wconf 80' lang='lat' dir='ltr'><strong>majus</strong></span> <span class='ocrx_word' id='word_1_56' title='bbox 1520 754 1735 825; x_wconf 75' lang='lat' dir='ltr'><strong>hujusce,</strong></span> 
     </span>
     <span class='ocr_line' id='line_1_8' title="bbox 260 824 1737 890; baseline -0.003 -7"><span class='ocrx_word' id='word_1_57' title='bbox 260 833 457 883; x_wconf 81' lang='lat' dir='ltr'><strong>cultum</strong></span> <span class='ocrx_word' id='word_1_58' title='bbox 487 824 765 890; x_wconf 87' lang='lat' dir='ltr'><strong>provehere</strong></span> <span class='ocrx_word' id='word_1_59' title='bbox 796 827 1102 878; x_wconf 87' lang='lat' dir='ltr'><strong>constitueris</strong></span> <span class='ocrx_word' id='word_1_60' title='bbox 1130 862 1141 873; x_wconf 93' lang='lat'>.</span> <span class='ocrx_word' id='word_1_61' title='bbox 1189 828 1324 877; x_wconf 91' lang='lat' dir='ltr'><strong>Cum</strong></span> <span class='ocrx_word' id='word_1_62' title='bbox 1364 843 1528 877; x_wconf 79' lang='lat' dir='ltr'><strong>autem</strong></span> <span class='ocrx_word' id='word_1_63' title='bbox 1563 828 1737 879; x_wconf 81' lang='lat' dir='ltr'><strong>altiora</strong></span> 
     </span>
     <span class='ocr_line' id='line_1_9' title="bbox 258 895 1738 971; baseline 0.001 -22"><span class='ocrx_word' id='word_1_64' title='bbox 258 921 347 956; x_wconf 84' lang='lat' dir='ltr'><strong>me</strong></span> <span class='ocrx_word' id='word_1_65' title='bbox 377 914 593 971; x_wconf 66' lang='lat' dir='ltr'><strong>quaerere</strong></span> <span class='ocrx_word' id='word_1_66' title='bbox 625 897 689 959; x_wconf 75' lang='lat' dir='ltr'><strong>(b)</strong></span> <span class='ocrx_word' id='word_1_67' title='bbox 713 929 726 951; x_wconf 89' lang='lat'>‚</span> <span class='ocrx_word' id='word_1_68' title='bbox 755 901 1151 967; x_wconf 77' lang='lat' dir='ltr'><strong>majestatemque</strong></span> <span class='ocrx_word' id='word_1_69' title='bbox 1174 895 1374 951; x_wconf 83' lang='lat' dir='ltr'><strong>scrutari</strong></span> <span class='ocrx_word' id='word_1_70' title='bbox 1414 914 1546 950; x_wconf 88' lang='lat' dir='ltr'><strong>vetet</strong></span> <span class='ocrx_word' id='word_1_71' title='bbox 1565 899 1628 963; x_wconf 76' lang='lat' dir='ltr'><strong>(c)</strong></span> <span class='ocrx_word' id='word_1_72' title='bbox 1659 903 1738 951; x_wconf 79' lang='lat' dir='ltr'><strong>Sa·</strong></span> 
     </span>
     <span class='ocr_line' id='line_1_10' title="bbox 261 967 1738 1044; baseline -0.003 -19"><span class='ocrx_word' id='word_1_73' title='bbox 261 976 429 1044; x_wconf 79' lang='lat' dir='ltr'><strong>piens,</strong></span> <span class='ocrx_word' id='word_1_74' title='bbox 464 988 526 1022; x_wconf 90' lang='lat' dir='ltr'><strong>ne</strong></span> <span class='ocrx_word' id='word_1_75' title='bbox 557 970 812 1037; x_wconf 85' lang='lat' dir='ltr'><strong>opprimar</strong></span> <span class='ocrx_word' id='word_1_76' title='bbox 844 990 869 1022; x_wconf 88' lang='lat' dir='ltr'>a</span> <span class='ocrx_word' id='word_1_77' title='bbox 903 969 1097 1041; x_wconf 81' lang='lat' dir='ltr'><strong>gloria5</strong></span> <span class='ocrx_word' id='word_1_78' title='bbox 1141 975 1195 1024; x_wconf 78' lang='grc' dir='ltr'><strong>ὅζ</strong></span> <span class='ocrx_word' id='word_1_79' title='bbox 1227 986 1397 1021; x_wconf 82' lang='lat' dir='ltr'><strong>coram</strong></span> <span class='ocrx_word' id='word_1_80' title='bbox 1433 967 1543 1039; x_wconf 85' lang='lat' dir='ltr'><strong>ipso</strong></span> <span class='ocrx_word' id='word_1_81' title='bbox 1576 972 1738 1022; x_wconf 83' lang='lat' dir='ltr'><strong>Sacer-</strong></span> 
     </span>
     <span class='ocr_line' id='line_1_11' title="bbox 261 1041 1737 1112; baseline -0.001 -16"><span class='ocrx_word' id='word_1_82' title='bbox 261 1046 388 1097; x_wconf 88' lang='lat' dir='ltr'><strong>dotii</strong></span> <span class='ocrx_word' id='word_1_83' title='bbox 424 1041 685 1111; x_wconf 84' lang='lat' dir='ltr'><strong>splendore</strong></span> <span class='ocrx_word' id='word_1_84' title='bbox 715 1044 873 1108; x_wconf 81' lang='lat' dir='ltr'><strong>magis</strong></span> <span class='ocrx_word' id='word_1_85' title='bbox 905 1043 1141 1112; x_wconf 82' lang='lat' dir='ltr'><strong>poeniteat</strong></span> <span class='ocrx_word' id='word_1_86' title='bbox 1166 1041 1396 1110; x_wconf 72' lang='lat' dir='ltr'><strong>coepisse,</strong></span> <span class='ocrx_word' id='word_1_87' title='bbox 1424 1059 1570 1111; x_wconf 84' lang='lat' dir='ltr'><strong>quarn</strong></span> <span class='ocrx_word' id='word_1_88' title='bbox 1592 1041 1737 1096; x_wconf 88' lang='lat' dir='ltr'><strong>liceat</strong></span> 
     </span>
     <span class='ocr_line' id='line_1_12' title="bbox 264 1113 1736 1183; baseline -0.001 -17"><span class='ocrx_word' id='word_1_89' title='bbox 264 1116 522 1171; x_wconf 69' lang='lat' dir='ltr'><strong>desistere,</strong></span> <span class='ocrx_word' id='word_1_90' title='bbox 558 1113 676 1182; x_wconf 86' lang='lat' dir='ltr'><strong>quid</strong></span> <span class='ocrx_word' id='word_1_91' title='bbox 705 1115 869 1166; x_wconf 84' lang='lat' dir='ltr'><strong>minus</strong></span> <span class='ocrx_word' id='word_1_92' title='bbox 895 1115 1128 1167; x_wconf 85' lang='lat' dir='ltr'><strong>indecore</strong></span> <span class='ocrx_word' id='word_1_93' title='bbox 1153 1114 1407 1164; x_wconf 79' lang='lat' dir='ltr'><strong>ostendam</strong></span> <span class='ocrx_word' id='word_1_94' title='bbox 1435 1147 1447 1169; x_wconf 93' lang='lat'><strong>,</strong></span> <span class='ocrx_word' id='word_1_95' title='bbox 1481 1132 1629 1183; x_wconf 77' lang='lat' dir='ltr'><strong>quam</strong></span> <span class='ocrx_word' id='word_1_96' title='bbox 1664 1129 1736 1164; x_wconf 86' lang='lat' dir='ltr'><strong>to-</strong></span> 
     </span>
     <span class='ocr_line' id='line_1_13' title="bbox 268 1185 1735 1256; baseline 0 -18"><span class='ocrx_word' id='word_1_97' title='bbox 268 1203 371 1240; x_wconf 84' lang='lat' dir='ltr'><strong>tam</strong></span> <span class='ocrx_word' id='word_1_98' title='bbox 404 1190 442 1238; x_wconf 72' lang='lat'><strong>‘1‘</strong></span> <span class='ocrx_word' id='word_1_99' title='bbox 465 1201 795 1236; x_wconf 81' lang='lat' dir='ltr'>R1N1TATEM</span> <span class='ocrx_word' id='word_1_100' title='bbox 830 1188 882 1240; x_wconf 89' lang='lat' dir='ltr'><strong>in</strong></span> <span class='ocrx_word' id='word_1_101' title='bbox 915 1187 1087 1241; x_wconf 72' lang='lat' dir='ltr'><strong>nostra:</strong></span> <span class='ocrx_word' id='word_1_102' title='bbox 1116 1186 1468 1254; x_wconf 78' lang='lat' dir='ltr'><strong>reparationis,</strong></span> <span class='ocrx_word' id='word_1_103' title='bbox 1497 1201 1638 1256; x_wconf 80' lang='lat' dir='ltr'><strong>atque</strong></span> <span class='ocrx_word' id='word_1_104' title='bbox 1672 1185 1735 1238; x_wconf 82' lang='lat' dir='ltr'><strong>sa-</strong></span> 
     </span>
    </p>

    <p class='ocr_par' dir='ltr' id='par_1_2' title="bbox 264 1261 1741 2460">
     <span class='ocr_line' id='line_1_14' title="bbox 266 1261 908 1327; baseline 0.002 -15"><span class='ocrx_word' id='word_1_105' title='bbox 266 1261 382 1312; x_wconf 88' lang='lat' dir='ltr'><strong>lutis</strong></span> <span class='ocrx_word' id='word_1_106' title='bbox 418 1275 538 1327; x_wconf 86' lang='lat' dir='ltr'><strong>opus</strong></span> <span class='ocrx_word' id='word_1_107' title='bbox 570 1274 865 1311; x_wconf 88' lang='lat' dir='ltr'><strong>concurrere</strong></span> <span class='ocrx_word' id='word_1_108' title='bbox 892 1266 908 1313; x_wconf 77' lang='grc' dir='ltr'><strong><em>ἓ</em></strong></span> 
     </span>
     <span class='ocr_line' id='line_1_15' title="bbox 410 1328 1737 1390; baseline -0.001 -9"><span class='ocrx_word' id='word_1_109' title='bbox 410 1335 482 1382; x_wconf 81' lang='lat' dir='ltr'><strong>Ac</strong></span> <span class='ocrx_word' id='word_1_110' title='bbox 513 1344 564 1380; x_wconf 87' lang='lat' dir='ltr'><strong>ut</strong></span> <span class='ocrx_word' id='word_1_111' title='bbox 598 1329 721 1380; x_wconf 84' lang='lat' dir='ltr'><strong>ratio</strong></span> <span class='ocrx_word' id='word_1_112' title='bbox 752 1330 849 1383; x_wconf 88' lang='lat' dir='ltr'><strong>hoc</strong></span> <span class='ocrx_word' id='word_1_113' title='bbox 877 1333 1101 1390; x_wconf 76' lang='lat' dir='ltr'><strong>evincat,</strong></span> <span class='ocrx_word' id='word_1_114' title='bbox 1132 1328 1635 1383; x_wconf 79' lang='lat' dir='ltr'><strong>animadvertendum</strong></span> <span class='ocrx_word' id='word_1_115' title='bbox 1669 1330 1737 1382; x_wconf 83' lang='lat' dir='ltr'><strong>est</strong></span> 
     </span>
     <span class='ocr_line' id='line_1_16' title="bbox 264 1400 1741 1472; baseline -0.002 -16"><span class='ocrx_word' id='word_1_116' title='bbox 264 1403 419 1472; x_wconf 88' lang='lat' dir='ltr'><strong>longe</strong></span> <span class='ocrx_word' id='word_1_117' title='bbox 447 1400 724 1469; x_wconf 84' lang='lat' dir='ltr'><strong>plurimum</strong></span> <span class='ocrx_word' id='word_1_118' title='bbox 757 1404 916 1456; x_wconf 84' lang='lat' dir='ltr'><strong>videri</strong></span> <span class='ocrx_word' id='word_1_119' title='bbox 966 1406 1015 1456; x_wconf 88' lang='lat' dir='ltr'><strong>in</strong></span> <span class='ocrx_word' id='word_1_120' title='bbox 1059 1401 1266 1458; x_wconf 82' lang='lat' dir='ltr'><strong>humani</strong></span> <span class='ocrx_word' id='word_1_121' title='bbox 1293 1403 1489 1469; x_wconf 87' lang='lat' dir='ltr'><strong>generis</strong></span> <span class='ocrx_word' id='word_1_122' title='bbox 1532 1400 1741 1454; x_wconf 59' lang='lat' dir='ltr'><strong>sanctifi-</strong></span> 
     </span>
     <span class='ocr_line' id='line_1_17' title="bbox 265 1472 1740 1542; baseline -0.003 -13"><span class='ocrx_word' id='word_1_123' title='bbox 265 1477 490 1529; x_wconf 84' lang='lat' dir='ltr'><strong>catione,</strong></span> <span class='ocrx_word' id='word_1_124' title='bbox 521 1490 670 1540; x_wconf 85' lang='lat' dir='ltr'><strong>quam</strong></span> <span class='ocrx_word' id='word_1_125' title='bbox 702 1472 753 1524; x_wconf 89' lang='lat' dir='ltr'><strong>in</strong></span> <span class='ocrx_word' id='word_1_126' title='bbox 790 1477 972 1528; x_wconf 85' lang='lat' dir='ltr'><strong>Mundi</strong></span> <span class='ocrx_word' id='word_1_127' title='bbox 1003 1474 1328 1530; x_wconf 67' lang='lat' dir='ltr'><strong>aedificatione</strong></span> <span class='ocrx_word' id='word_1_128' title='bbox 1377 1476 1540 1525; x_wconf 88' lang='lat' dir='ltr'><strong>Deum</strong></span> <span class='ocrx_word' id='word_1_129' title='bbox 1587 1492 1740 1542; x_wconf 83' lang='lat' dir='ltr'><strong>nego-</strong></span> 
     </span>
     <span class='ocr_line' id='line_1_18' title="bbox 264 1542 1738 1615; baseline 0 -16"><span class='ocrx_word' id='word_1_130' title='bbox 264 1550 320 1600; x_wconf 84' lang='lat' dir='ltr'><strong>tii</strong></span> <span class='ocrx_word' id='word_1_131' title='bbox 353 1542 593 1598; x_wconf 83' lang='lat' dir='ltr'><strong>habuiffe.</strong></span> <span class='ocrx_word' id='word_1_132' title='bbox 631 1547 785 1613; x_wconf 80' lang='lat' dir='ltr'><strong>Atqui</strong></span> <span class='ocrx_word' id='word_1_133' title='bbox 834 1549 917 1600; x_wconf 89' lang='lat' dir='ltr'><strong>vel</strong></span> <span class='ocrx_word' id='word_1_134' title='bbox 952 1568 1011 1601; x_wconf 86' lang='lat' dir='ltr'><strong>ex</strong></span> <span class='ocrx_word' id='word_1_135' title='bbox 1049 1564 1213 1601; x_wconf 86' lang='lat' dir='ltr'><strong>rerum</strong></span> <span class='ocrx_word' id='word_1_136' title='bbox 1236 1582 1249 1602; x_wconf 94' lang='lat'><strong>,</strong></span> <span class='ocrx_word' id='word_1_137' title='bbox 1274 1563 1379 1615; x_wconf 83' lang='lat' dir='ltr'><strong>quae</strong></span> <span class='ocrx_word' id='word_1_138' title='bbox 1424 1544 1563 1597; x_wconf 86' lang='lat' dir='ltr'><strong>nobis</strong></span> <span class='ocrx_word' id='word_1_139' title='bbox 1602 1561 1738 1599; x_wconf 61' lang='lat' dir='ltr'><strong>ante„</strong></span> 
     </span>
     <span class='ocr_line' id='line_1_19' title="bbox 264 1615 1737 1689; baseline -0.001 -19"><span class='ocrx_word' id='word_1_140' title='bbox 264 1619 436 1670; x_wconf 88' lang='lat' dir='ltr'><strong>oculos</strong></span> <span class='ocrx_word' id='word_1_141' title='bbox 469 1615 790 1669; x_wconf 77' lang='lat' dir='ltr'><strong>obversantur</strong></span> <span class='ocrx_word' id='word_1_142' title='bbox 816 1654 827 1676; x_wconf 89' lang='lat'><strong>,</strong></span> <span class='ocrx_word' id='word_1_143' title='bbox 859 1619 1064 1689; x_wconf 86' lang='lat' dir='ltr'><strong>opificio</strong></span> <span class='ocrx_word' id='word_1_144' title='bbox 1097 1620 1300 1687; x_wconf 80' lang='lat' dir='ltr'><strong>Spiritus</strong></span> <span class='ocrx_word' id='word_1_145' title='bbox 1332 1636 1447 1671; x_wconf 86' lang='lat' dir='ltr'><strong>cum</strong></span> <span class='ocrx_word' id='word_1_146' title='bbox 1482 1621 1646 1674; x_wconf 75' lang='lat' dir='ltr'><strong>Patre,</strong></span> <span class='ocrx_word' id='word_1_147' title='bbox 1683 1623 1737 1673; x_wconf 65' lang='grc' dir='ltr'><strong>ὃς</strong></span> 
     </span>
     <span class='ocr_line' id='line_1_20' title="bbox 265 1687 1739 1757; baseline -0.003 -14"><span class='ocrx_word' id='word_1_148' title='bbox 265 1692 392 1743; x_wconf 85' lang='lat' dir='ltr'><strong>Filio</strong></span> <span class='ocrx_word' id='word_1_149' title='bbox 453 1691 872 1745; x_wconf 84' lang='lat' dir='ltr'><strong>communionem</strong></span> <span class='ocrx_word' id='word_1_150' title='bbox 919 1694 1050 1744; x_wconf 84' lang='lat' dir='ltr'><strong>haud</strong></span> <span class='ocrx_word' id='word_1_151' title='bbox 1100 1687 1304 1744; x_wconf 88' lang='lat' dir='ltr'><strong>obscure</strong></span> <span class='ocrx_word' id='word_1_152' title='bbox 1345 1689 1692 1757; x_wconf 83' lang='lat' dir='ltr'><strong>cognoscimus</strong></span> <span class='ocrx_word' id='word_1_153' title='bbox 1727 1727 1739 1738; x_wconf 91' lang='lat'><strong>.</strong></span> 
     </span>
     <span class='ocr_line' id='line_1_21' title="bbox 264 1761 1739 1831; baseline 0.001 -21"><span class='ocrx_word' id='word_1_154' title='bbox 264 1763 447 1825; x_wconf 84' lang='lat' dir='ltr'><strong>Quoad</strong></span> <span class='ocrx_word' id='word_1_155' title='bbox 477 1761 696 1812; x_wconf 88' lang='lat' dir='ltr'><strong>coelestes</strong></span> <span class='ocrx_word' id='word_1_156' title='bbox 729 1763 865 1815; x_wconf 88' lang='lat' dir='ltr'><strong>enim</strong></span> <span class='ocrx_word' id='word_1_157' title='bbox 903 1763 1257 1831; x_wconf 80' lang='lat' dir='ltr'><strong>intelligentias</strong></span> <span class='ocrx_word' id='word_1_158' title='bbox 1290 1794 1302 1814; x_wconf 90' lang='lat'>‚</span> <span class='ocrx_word' id='word_1_159' title='bbox 1337 1761 1596 1812; x_wconf 79' lang='lat' dir='ltr'><strong>creationis</strong></span> <span class='ocrx_word' id='word_1_160' title='bbox 1631 1779 1739 1812; x_wconf 87' lang='lat' dir='ltr'><strong>mo-</strong></span> 
     </span>
     <span class='ocr_line' id='line_1_22' title="bbox 268 1829 1738 1901; baseline 0 -16"><span class='ocrx_word' id='word_1_161' title='bbox 268 1836 357 1885; x_wconf 88' lang='lat' dir='ltr'><strong>dus</strong></span> <span class='ocrx_word' id='word_1_162' title='bbox 392 1832 583 1883; x_wconf 83' lang='lat' dir='ltr'><strong>silentio</strong></span> <span class='ocrx_word' id='word_1_163' title='bbox 617 1833 683 1881; x_wconf 87' lang='lat' dir='ltr'><strong>est</strong></span> <span class='ocrx_word' id='word_1_164' title='bbox 713 1835 1073 1901; x_wconf 70' lang='lat' dir='ltr'><strong>praetereundus</strong></span> <span class='ocrx_word' id='word_1_165' title='bbox 1100 1870 1113 1885; x_wconf 76' lang='lat'><strong>.</strong></span> <span class='ocrx_word' id='word_1_166' title='bbox 1146 1847 1297 1899; x_wconf 89' lang='lat' dir='ltr'><strong>quem</strong></span> <span class='ocrx_word' id='word_1_167' title='bbox 1334 1829 1435 1899; x_wconf 82' lang='lat' dir='ltr'><strong>ipse</strong></span> <span class='ocrx_word' id='word_1_168' title='bbox 1472 1832 1634 1886; x_wconf 81' lang='lat' dir='ltr'><strong>Moses</strong></span> <span class='ocrx_word' id='word_1_169' title='bbox 1669 1851 1738 1885; x_wconf 83' lang='lat' dir='ltr'><strong>ta-</strong></span> 
     </span>
     <span class='ocr_line' id='line_1_23' title="bbox 267 1902 1736 1973; baseline 0.001 -16"><span class='ocrx_word' id='word_1_170' title='bbox 267 1908 401 1960; x_wconf 89' lang='lat' dir='ltr'><strong>cuit,</strong></span> <span class='ocrx_word' id='word_1_171' title='bbox 434 1908 487 1956; x_wconf 84' lang='lat'>&amp;</span> <span class='ocrx_word' id='word_1_172' title='bbox 517 1903 779 1955; x_wconf 82' lang='lat' dir='ltr'><strong>tacendum</strong></span> <span class='ocrx_word' id='word_1_173' title='bbox 815 1907 1033 1973; x_wconf 77' lang='lat' dir='ltr'><strong>putavit.</strong></span> <span class='ocrx_word' id='word_1_174' title='bbox 1066 1908 1367 1970; x_wconf 72' lang='lat' dir='ltr'><strong>Quanquam</strong></span> <span class='ocrx_word' id='word_1_175' title='bbox 1399 1902 1431 1954; x_wconf 83' lang='lat' dir='ltr'><strong>si</strong></span> <span class='ocrx_word' id='word_1_176' title='bbox 1469 1906 1736 1959; x_wconf 76' lang='lat' dir='ltr'><strong>invisibilia</strong></span> 
     </span>
     <span class='ocr_line' id='line_1_24' title="bbox 264 1974 1738 2045; baseline 0.001 -16"><span class='ocrx_word' id='word_1_177' title='bbox 264 1980 332 2043; x_wconf 77' lang='lat' dir='ltr'><strong>(d)</strong></span> <span class='ocrx_word' id='word_1_178' title='bbox 364 1997 389 2028; x_wconf 87' lang='lat' dir='ltr'>a</span> <span class='ocrx_word' id='word_1_179' title='bbox 419 1990 635 2028; x_wconf 79' lang='lat' dir='ltr'><strong>creatura</strong></span> <span class='ocrx_word' id='word_1_180' title='bbox 663 1978 840 2027; x_wconf 79' lang='lat' dir='ltr'><strong>Mundi</strong></span> <span class='ocrx_word' id='word_1_181' title='bbox 872 1995 957 2045; x_wconf 89' lang='lat' dir='ltr'><strong>per</strong></span> <span class='ocrx_word' id='word_1_182' title='bbox 978 1994 1031 2027; x_wconf 85' lang='lat' dir='ltr'><strong>ea</strong></span> <span class='ocrx_word' id='word_1_183' title='bbox 1054 2013 1066 2034; x_wconf 89' lang='lat'><strong>,</strong></span> <span class='ocrx_word' id='word_1_184' title='bbox 1097 1993 1200 2045; x_wconf 84' lang='lat' dir='ltr'><strong>quae</strong></span> <span class='ocrx_word' id='word_1_185' title='bbox 1224 1975 1348 2027; x_wconf 59' lang='lat' dir='ltr'><strong>faeta</strong></span> <span class='ocrx_word' id='word_1_186' title='bbox 1380 1974 1518 2031; x_wconf 80' lang='lat' dir='ltr'><strong>sunt,</strong></span> <span class='ocrx_word' id='word_1_187' title='bbox 1548 1979 1738 2030; x_wconf 84' lang='lat' dir='ltr'><strong>intelle·</strong></span> 
     </span>
     <span class='ocr_line' id='line_1_25' title="bbox 265 2045 1735 2116; baseline 0.001 -16"><span class='ocrx_word' id='word_1_188' title='bbox 265 2054 345 2105; x_wconf 66' lang='lat' dir='ltr'><strong>&amp;a</strong></span> <span class='ocrx_word' id='word_1_189' title='bbox 371 2048 773 2116; x_wconf 82' lang='lat' dir='ltr'><strong>conspiciuntur,</strong></span> <span class='ocrx_word' id='word_1_190' title='bbox 807 2045 1147 2116; x_wconf 85' lang='lat' dir='ltr'><strong>glorificemus</strong></span> <span class='ocrx_word' id='word_1_191' title='bbox 1179 2064 1374 2115; x_wconf 85' lang='lat' dir='ltr'><strong>oportet</strong></span> <span class='ocrx_word' id='word_1_192' title='bbox 1393 2050 1735 2108; x_wconf 88' lang='lat' dir='ltr'><strong>conditorem,</strong></span> 
     </span>
     <span class='ocr_line' id='line_1_26' title="bbox 267 2118 1735 2193; baseline -0.004 -17"><span class='ocrx_word' id='word_1_193' title='bbox 267 2127 319 2176; x_wconf 86' lang='lat' dir='ltr'><strong>in</strong></span> <span class='ocrx_word' id='word_1_194' title='bbox 355 2142 452 2193; x_wconf 85' lang='lat' dir='ltr'><strong>quo</strong></span> <span class='ocrx_word' id='word_1_195' title='bbox 474 2122 671 2171; x_wconf 85' lang='lat' dir='ltr'><strong>condita</strong></span> <span class='ocrx_word' id='word_1_196' title='bbox 702 2119 759 2185; x_wconf 83' lang='lat' dir='ltr'><strong>(e)</strong></span> <span class='ocrx_word' id='word_1_197' title='bbox 792 2118 899 2171; x_wconf 88' lang='lat' dir='ltr'><strong>sunt</strong></span> <span class='ocrx_word' id='word_1_198' title='bbox 921 2120 1146 2172; x_wconf 81' lang='lat' dir='ltr'><strong>universa</strong></span> <span class='ocrx_word' id='word_1_199' title='bbox 1183 2122 1232 2172; x_wconf 89' lang='lat' dir='ltr'><strong>in</strong></span> <span class='ocrx_word' id='word_1_200' title='bbox 1268 2120 1441 2177; x_wconf 85' lang='lat' dir='ltr'><strong>coelis,</strong></span> <span class='ocrx_word' id='word_1_201' title='bbox 1477 2127 1529 2175; x_wconf 67' lang='grc' dir='ltr'><strong>ὃς</strong></span> <span class='ocrx_word' id='word_1_202' title='bbox 1568 2124 1619 2174; x_wconf 87' lang='lat' dir='ltr'><strong>in</strong></span> <span class='ocrx_word' id='word_1_203' title='bbox 1641 2141 1735 2175; x_wconf 85' lang='lat' dir='ltr'><strong>ter-</strong></span> 
     </span>
     <span class='ocr_line' id='line_1_27' title="bbox 264 2191 1732 2249; baseline 0.001 -3"><span class='ocrx_word' id='word_1_204' title='bbox 264 2215 314 2246; x_wconf 81' lang='lat' dir='ltr'><strong>ra</strong></span> <span class='ocrx_word' id='word_1_205' title='bbox 352 2193 587 2246; x_wconf 45' lang='lat' dir='ltr'><strong>risibilia,</strong></span> <span class='ocrx_word' id='word_1_206' title='bbox 625 2199 677 2247; x_wconf 63' lang='grc' dir='ltr'><strong>δε</strong></span> <span class='ocrx_word' id='word_1_207' title='bbox 716 2191 980 2243; x_wconf 84' lang='lat' dir='ltr'><strong>invisibilia</strong></span> <span class='ocrx_word' id='word_1_208' title='bbox 1007 2227 1019 2249; x_wconf 83' lang='lat'><strong>,</strong></span> <span class='ocrx_word' id='word_1_209' title='bbox 1063 2191 1163 2244; x_wconf 74' lang='lat' dir='ltr'><strong>sive</strong></span> <span class='ocrx_word' id='word_1_210' title='bbox 1192 2194 1387 2247; x_wconf 87' lang='lat' dir='ltr'><strong>throni,</strong></span> <span class='ocrx_word' id='word_1_211' title='bbox 1428 2191 1528 2245; x_wconf 83' lang='lat' dir='ltr'><strong>sive</strong></span> <span class='ocrx_word' id='word_1_212' title='bbox 1569 2197 1732 2247; x_wconf 84' lang='lat' dir='ltr'><strong>domi-</strong></span> 
     </span>
     <span class='ocr_line' id='line_1_28' title="bbox 269 2262 1730 2335; baseline -0.001 -17"><span class='ocrx_word' id='word_1_213' title='bbox 269 2271 517 2321; x_wconf 83' lang='lat' dir='ltr'><strong>nationes,</strong></span> <span class='ocrx_word' id='word_1_214' title='bbox 551 2262 649 2315; x_wconf 84' lang='lat' dir='ltr'><strong>five</strong></span> <span class='ocrx_word' id='word_1_215' title='bbox 683 2265 981 2333; x_wconf 77' lang='lat' dir='ltr'><strong>principatus</strong></span> <span class='ocrx_word' id='word_1_216' title='bbox 1002 2302 1014 2322; x_wconf 94' lang='lat'>‚</span> <span class='ocrx_word' id='word_1_217' title='bbox 1045 2265 1145 2335; x_wconf 74' lang='lat' dir='ltr'><strong>five</strong></span> <span class='ocrx_word' id='word_1_218' title='bbox 1172 2267 1424 2334; x_wconf 82' lang='lat' dir='ltr'><strong>potestates</strong></span> <span class='ocrx_word' id='word_1_219' title='bbox 1444 2300 1456 2320; x_wconf 95' lang='lat'><strong>,</strong></span> <span class='ocrx_word' id='word_1_220' title='bbox 1486 2270 1538 2318; x_wconf 82' lang='lat'>&amp;</span> <span class='ocrx_word' id='word_1_221' title='bbox 1559 2266 1590 2315; x_wconf 79' lang='lat' dir='ltr'>fi</span> <span class='ocrx_word' id='word_1_222' title='bbox 1623 2285 1730 2335; x_wconf 66' lang='lat' dir='ltr'><strong>quat</strong></span> 
     </span>
     <span class='ocr_line' id='line_1_29' title="bbox 265 2336 1733 2408; baseline -0.001 -17"><span class='ocrx_word' id='word_1_223' title='bbox 265 2340 372 2391; x_wconf 80' lang='lat' dir='ltr'><strong>aliae</strong></span> <span class='ocrx_word' id='word_1_224' title='bbox 398 2336 487 2388; x_wconf 79' lang='lat' dir='ltr'><strong>sint</strong></span> <span class='ocrx_word' id='word_1_225' title='bbox 522 2336 777 2391; x_wconf 71' lang='lat' dir='ltr'><strong>rationales</strong></span> <span class='ocrx_word' id='word_1_226' title='bbox 810 2353 989 2388; x_wconf 82' lang='lat' dir='ltr'><strong>naturae</strong></span> <span class='ocrx_word' id='word_1_227' title='bbox 1009 2373 1021 2396; x_wconf 88' lang='lat'>‚</span> <span class='ocrx_word' id='word_1_228' title='bbox 1056 2356 1161 2408; x_wconf 79' lang='lat' dir='ltr'><strong>quae</strong></span> <span class='ocrx_word' id='word_1_229' title='bbox 1189 2338 1397 2388; x_wconf 90' lang='lat' dir='ltr'><strong>nomine</strong></span> <span class='ocrx_word' id='word_1_230' title='bbox 1422 2351 1644 2387; x_wconf 75' lang='lat' dir='ltr'><strong>careant.</strong></span> <span class='ocrx_word' id='word_1_231' title='bbox 1680 2346 1733 2389; x_wconf 83' lang='lat' dir='ltr'><strong>ln</strong></span> 
     </span>
     <span class='ocr_line' id='line_1_30' title="bbox 1551 2408 1734 2460; baseline 0 -1"><span class='ocrx_word' id='word_1_232' title='bbox 1551 2408 1734 2460; x_wconf 85' lang='lat' dir='ltr'><strong>horum</strong></span> 
     </span>
    </p>
   </div>
   <div class='ocr_carea' id='block_1_2' title="bbox 329 2530 1730 2762">
    <p class='ocr_par' dir='ltr' id='par_1_3' title="bbox 334 2530 1730 2644">
     <span class='ocr_line' id='line_1_31' title="bbox 334 2530 1730 2586; baseline 0.001 -17"><span class='ocrx_word' id='word_1_233' title='bbox 334 2538 391 2581; x_wconf 82' lang='lat' dir='ltr'><strong>(a)</strong></span> <span class='ocrx_word' id='word_1_234' title='bbox 416 2533 647 2573; x_wconf 61' lang='lat' dir='ltr'><strong>‘Bernartius</strong></span> <span class='ocrx_word' id='word_1_235' title='bbox 660 2536 769 2571; x_wconf 71' lang='lat' dir='ltr'><strong>Zane</strong></span> <span class='ocrx_word' id='word_1_236' title='bbox 788 2531 1034 2583; x_wconf 76' lang='lat' dir='ltr'><strong>Archipraesul</strong></span> <span class='ocrx_word' id='word_1_237' title='bbox 1050 2533 1277 2586; x_wconf 65' lang='lat' dir='ltr'><strong>§palatenfis</strong></span> <span class='ocrx_word' id='word_1_238' title='bbox 1290 2534 1404 2571; x_wconf 81' lang='lat' dir='ltr'><strong>Orat.</strong></span> <span class='ocrx_word' id='word_1_239' title='bbox 1419 2530 1507 2569; x_wconf 63' lang='lat' dir='ltr'><strong>hal).</strong></span> <span class='ocrx_word' id='word_1_240' title='bbox 1525 2535 1566 2572; x_wconf 70' lang='lat' dir='ltr'><strong>t&#39;n</strong></span> <span class='ocrx_word' id='word_1_241' title='bbox 1585 2535 1624 2570; x_wconf 90' lang='lat' dir='ltr'><strong>I.</strong></span> <span class='ocrx_word' id='word_1_242' title='bbox 1638 2535 1730 2585; x_wconf 65' lang='lat' dir='ltr'><strong>sess.</strong></span> 
     </span>
     <span class='ocr_line' id='line_1_32' title="bbox 391 2586 1596 2644; baseline -0.002 -13"><span class='ocrx_word' id='word_1_243' title='bbox 391 2596 499 2631; x_wconf 79' lang='lat' dir='ltr'><strong>Conc-</strong></span> <span class='ocrx_word' id='word_1_244' title='bbox 521 2594 651 2628; x_wconf 75' lang='lat' dir='ltr'><strong>Later.</strong></span> <span class='ocrx_word' id='word_1_245' title='bbox 671 2586 861 2644; x_wconf 51' lang='lat' dir='ltr'><strong>sirbfiulio</strong></span> <span class='ocrx_word' id='word_1_246' title='bbox 880 2591 945 2627; x_wconf 88' lang='lat' dir='ltr'><strong>ll.</strong></span> <span class='ocrx_word' id='word_1_247' title='bbox 960 2604 1009 2628; x_wconf 84' lang='lat' dir='ltr'><strong>ex</strong></span> <span class='ocrx_word' id='word_1_248' title='bbox 1025 2592 1180 2629; x_wconf 47' lang='lat' dir='ltr'><strong>Colles}</strong></span> <span class='ocrx_word' id='word_1_249' title='bbox 1206 2590 1316 2628; x_wconf 64' lang='lat' dir='ltr'><strong>Labe.</strong></span> <span class='ocrx_word' id='word_1_250' title='bbox 1335 2590 1442 2627; x_wconf 78' lang='lat' dir='ltr'><em>Tom-</em></span> <span class='ocrx_word' id='word_1_251' title='bbox 1467 2593 1596 2632; x_wconf 76' lang='lat' dir='ltr'><em>XIX.</em></span> 
     </span>
    </p>

    <p class='ocr_par' dir='ltr' id='par_1_4' title="bbox 332 2647 1671 2701">
     <span class='ocr_line' id='line_1_33' title="bbox 332 2647 1671 2701; baseline 0 -13"><span class='ocrx_word' id='word_1_252' title='bbox 332 2651 396 2701; x_wconf 83' lang='lat' dir='ltr'><strong>(b)</strong></span> <span class='ocrx_word' id='word_1_253' title='bbox 430 2647 636 2698; x_wconf 51' lang='lat' dir='ltr'><strong>Eccleffast.</strong></span> <span class='ocrx_word' id='word_1_254' title='bbox 655 2660 690 2698; x_wconf 83' lang='lat'><strong>3.</strong></span> <span class='ocrx_word' id='word_1_255' title='bbox 712 2664 749 2687; x_wconf 86' lang='lat'><strong>2.</strong></span> <span class='ocrx_word' id='word_1_256' title='bbox 815 2650 872 2697; x_wconf 87' lang='lat' dir='ltr'><strong>(c)</strong></span> <span class='ocrx_word' id='word_1_257' title='bbox 901 2650 1018 2688; x_wconf 68' lang='lat' dir='ltr'><strong>prov.</strong></span> <span class='ocrx_word' id='word_1_258' title='bbox 1041 2662 1105 2698; x_wconf 63' lang='grc'>2)--</span> <span class='ocrx_word' id='word_1_259' title='bbox 1129 2661 1195 2700; x_wconf 82' lang='lat'><strong>37.</strong></span> <span class='ocrx_word' id='word_1_260' title='bbox 1259 2649 1319 2697; x_wconf 72' lang='lat' dir='ltr'><strong>(d)</strong></span> <span class='ocrx_word' id='word_1_261' title='bbox 1350 2650 1403 2687; x_wconf 76' lang='lat' dir='ltr'><strong>ad</strong></span> <span class='ocrx_word' id='word_1_262' title='bbox 1422 2653 1525 2688; x_wconf 70' lang='lat' dir='ltr'><strong>Rom.</strong></span> <span class='ocrx_word' id='word_1_263' title='bbox 1550 2664 1582 2690; x_wconf 74' lang='grc' dir='ltr'><strong>ι.</strong></span> <span class='ocrx_word' id='word_1_264' title='bbox 1605 2664 1671 2689; x_wconf 74' lang='lat'><strong>20.</strong></span> 
     </span>
    </p>

    <p class='ocr_par' dir='ltr' id='par_1_5' title="bbox 329 2708 1505 2762">
     <span class='ocr_line' id='line_1_34' title="bbox 329 2708 1505 2762; baseline -0.004 -13"><span class='ocrx_word' id='word_1_265' title='bbox 329 2711 389 2762; x_wconf 71' lang='lat' dir='ltr'><strong>(c)</strong></span> <span class='ocrx_word' id='word_1_266' title='bbox 418 2711 473 2748; x_wconf 83' lang='lat' dir='ltr'><strong>ad</strong></span> <span class='ocrx_word' id='word_1_267' title='bbox 487 2708 620 2761; x_wconf 79' lang='lat' dir='ltr'><strong>Coloss.</strong></span> <span class='ocrx_word' id='word_1_268' title='bbox 645 2720 678 2748; x_wconf 90' lang='lat'><strong>1.</strong></span> <span class='ocrx_word' id='word_1_269' title='bbox 704 2713 770 2746; x_wconf 83' lang='lat'><strong>16.</strong></span> <span class='ocrx_word' id='word_1_270' title='bbox 1502 2712 1505 2715; x_wconf 88' lang='lat'>&#39;</span> 
     </span>
    </p>
   </div>
  </div>
 </body>
</html>
