1872 2964
101 344 282 395 horum
330 357 494 395 autem
541 343 788 398 creatione
837 347 942 396 vult
995 345 1208 413 Magnus
1252 343 1450 397 Basilius
1496 343 1566 408 (a)

102 416 385 482 principem
416 433 587 466 eorum
623 416 812 468 causam
838 455 850 475 ‚
874 435 977 485 quae
1017 415 1165 471 fiunt,
1201 419 1389 468 Patrem
1422 437 1447 468 a
1485 434 1568 466 no-

101 485 173 538 bis
207 486 498 541 considerari
525 523 537 542 ,
561 484 863 540 efficientem
893 491 1070 541 Filium
1094 526 1106 547 ,
1127 486 1567 557 perficientemque

101 560 337 626 Spiritum
373 560 636 615 Sanetunn
668 575 720 610 ut
752 563 899 612 Patris
928 563 1180 612 voluntate
1201 562 1564 615 administrent,

97 630 294 682 actione
335 632 444 682 Filii
492 632 694 682 existant
728 668 740 689 ‚
789 631 1089 700 spiritusque
1133 632 1382 699 praesentia
1426 629 1566 698 perfi-

96 704 309 754 ciantur.
345 702 661 769 Angelorum
699 720 816 755 vero
844 704 1206 772 perfestionem
1241 706 1334 756 effe
1356 701 1566 756 sanctifi-

93 775 379 832 cationem,
404 779 456 827 &
494 774 545 827 in
589 773 682 826 hac
720 774 1133 843 perseverantiam
1179 793 1332 827 nemo
1357 795 1456 827 non
1491 775 1563 827 vi·

93 847 203 898 det.
229 843 574 911 Quamobrem
608 844 640 897 fi
676 847 938 900 hominem
978 852 1041 915 (b)
1076 849 1257 900 minuit
1288 850 1414 900 Deus
1444 868 1559 918 pau-

96 918 149 969 lo
181 920 342 972 minus
370 920 430 972 ab
460 918 694 988 Angelis,
720 922 824 990 quis
856 920 946 972 ibit
983 920 1170 974 inficias
1203 937 1296 972 tres
1335 923 1559 973 TR1N1·

95 1007 265 1042 TAT1s
298 991 524 1043 Personas
556 990 616 1042 ad
652 1010 736 1042 nos
772 990 1143 1053 sanctificandos
1176 991 1486 1045 consociari?
1517 993 1555 1045 li

88 1065 229 1114 enim
248 1098 261 1118 ‚
288 1064 372 1130 qui
400 1079 564 1113 natura
585 1094 598 1116 ‚
630 1060 693 1126 (c)
719 1061 811 1114 filii
843 1067 924 1115 irae
961 1065 1067 1116 sunt
1093 1097 1106 1118 ‚
1137 1065 1392 1132 quomodo
1424 1083 1557 1117 rena-

91 1130 157 1183 sci
187 1131 375 1201 poffent
407 1152 466 1185 ex
493 1150 614 1205 aqua
650 1168 664 1188 ‚
709 1140 761 1190 &
792 1136 972 1204 Spiritu
1002 1136 1206 1193 Sanst03
1234 1151 1316 1184 aut
1348 1137 1431 1203 qui
1467 1134 1555 1188 ser-

88 1205 287 1255 vierunt
317 1206 392 1272 (d)
418 1221 647 1257 creaturae
696 1206 886 1275 potius,
913 1227 1059 1276 quam
1097 1208 1302 1258 creatori
1334 1241 1347 1263 ‚
1369 1209 1450 1274 qui
1484 1210 1555 1261 esst

89 1272 378 1328 benedicitus
407 1280 458 1329 in
493 1274 661 1328 saecula
693 1311 705 1330 ‚
741 1281 995 1347 quomodo
1043 1278 1120 1331 sua
1165 1277 1389 1329 membra
1424 1280 1557 1330 exhi-

87 1343 259 1418 berent
292 1347 470 1401 servire
510 1349 694 1415 justitiae
738 1351 788 1400 in
831 1349 1267 1402 sanctificationem
1300 1350 1358 1414 (e)
1390 1383 1401 1403 ‚
1434 1349 1552 1410 ficut

87 1417 416 1473 exhibuerunt
442 1419 667 1474 membra
689 1420 783 1490 ipsa
805 1419 986 1473 servire
1007 1422 1337 1474 immunditiae
1360 1456 1371 1474 ‚
1389 1426 1440 1474 δε
1463 1424 1553 1474 ini-

85 1492 258 1558 quitati
300 1494 360 1544 ad
401 1494 711 1562 iniquitatem
739 1527 752 1548 ‚
799 1491 888 1543 nili
932 1498 1089 1549 Deus,
1129 1493 1210 1562 qui
1249 1493 1549 1562 potentiam„

86 1561 220 1613 luam
263 1566 509 1632 parcendo
551 1565 790 1619 maxime,
821 1569 873 1616 &
914 1564 1193 1616 miserando
1237 1562 1546 1623 manifestat,

80 1632 182 1699 ipse
211 1637 412 1702 quidem
442 1636 582 1704 possit
603 1672 614 1693 ‚
649 1634 796 1692 sciat,
832 1637 952 1686 velit
980 1637 1089 1688 illos
1106 1634 1464 1687 convivificare
1491 1639 1545 1689 in

84 1706 286 1756 Christo
307 1742 317 1761 ,
346 1714 397 1760 &
425 1707 802 1758 conreluscitare
831 1699 920 1778 (f),
951 1712 1003 1762 &
1025 1705 1290 1759 consedere
1313 1707 1472 1759 facere
1493 1709 1545 1760 in

81 1774 357 1828 coelestibus
398 1780 445 1829 in
485 1780 683 1829 Christo
716 1776 862 1843 Jesu,
895 1782 943 1829 in
974 1777 1154 1831 saeculis
1195 1777 1547 1846 supervenien-

83 1846 211 1896 tibus
239 1847 537 1900 abundantes
575 1851 774 1901 divitias
812 1852 979 1919 gratiae
1015 1850 1106 1901 suae
1141 1851 1189 1900 in
1222 1849 1439 1901 bonitate
1473 1850 1545 1901 su·

83 1936 169 1986 per
219 1921 416 1970 eoldem
463 1921 770 1972 ostendens?
816 1927 946 1973 Nam
988 1921 1212 1987 profecto
1249 1923 1366 1988 quid
1409 1923 1546 1973 aliud

81 1991 173 2046 est,
200 2009 346 2058 quam
385 1993 530 2043 Patris
565 1992 943 2058 omnipotentia
963 2027 975 2045 ‚
1000 2008 1103 2058 quae
1125 1992 1305 2040 nostras
1337 1992 1544 2044 rebelles

79 2064 386 2128 compellens
427 2062 728 2117 voluntates,
767 2060 910 2114 fimul
943 2068 995 2116 &
1039 2082 1123 2117 ea,
1160 2080 1264 2128 quae
1300 2063 1448 2119 velit,
1477 2068 1548 2130 ju-

80 2134 227 2189 bere,
265 2138 316 2187 &
355 2154 455 2203 quae
491 2131 677 2202 jubeat,
716 2135 888 2185 eadem
934 2151 984 2186 ut
1016 2134 1252 2186 faciamus
1302 2137 1542 2202 praestare,

78 2203 258 2274 poffit?
289 2208 428 2270 Quid
477 2206 608 2256 aliud
659 2205 756 2260 est,
782 2224 929 2274 quam
969 2206 1213 2273 Sapientia
1256 2207 1361 2257 Filii
1391 2243 1405 2264 ‚
1436 2226 1543 2275 quae,

79 2277 275 2331 vifitans
312 2297 399 2329 nos
440 2279 600 2329 oriens
644 2295 702 2328 ex
740 2279 839 2329 alto
864 2279 925 2343 lg)
959 2312 971 2332 ‚
995 2277 1278 2329 illuminare
1310 2296 1420 2334 eos,
1453 2281 1540 2349 qui

79 2352 130 2401 in
160 2350 370 2403 tenebris
390 2386 402 2407 ‚
439 2356 492 2405 ὅτ.
524 2353 573 2402 in
610 2349 783 2402 umbra
811 2351 985 2401 mortis
1016 2348 1212 2406 sedent,
1248 2349 1538 2419 vocatosque

1477 2424 1540 2474 de

119 2569 1501 2581 ———————-—————-—-———-——

137 2606 194 2652 (a)
226 2603 305 2642 Lib.
322 2603 369 2641 de
383 2604 478 2656 Spir.
497 2607 606 2644 Sanc.
629 2616 712 2658 cap.
736 2609 798 2642 16.
832 2604 893 2653 (b)
913 2607 1014 2658 Psal.
1033 2606 1074 2644 8.
1091 2609 1129 2642 6.
1170 2606 1228 2652 (c)
1257 2604 1310 2643 ad
1325 2603 1402 2657 Eph
1438 2616 1473 2640 2-
1499 2618 1538 2653 3.

136 2663 198 2711 (d)
223 2663 277 2700 ad
294 2665 396 2701 Rom.
420 2675 453 2700 1.
474 2674 536 2710 25.
568 2665 627 2710 (e)
654 2663 748 2704 ibid,
767 2666 805 2702 6.
827 2675 891 2713 19.
942 2662 1011 2715 (f)
1042 2665 1097 2704 ad
1119 2663 1212 2716 Eph.
1239 2676 1275 2702 2.
1298 2674 1360 2713 5.‚
1387 2662 1537 2718 &seq

134 2722 194 2773 ξς)
221 2722 309 2762 Luc.
332 2732 366 2759 1.
385 2722 451 2769 78.
469 2719 516 2763 ὠ*
541 2733 608 2772 79.
