<?xml version="1.0" encoding="UTF-8"?>
<!DOCTYPE html PUBLIC "-//W3C//DTD XHTML 1.0 Transitional//EN"
    "http://www.w3.org/TR/xhtml1/DTD/xhtml1-transitional.dtd">
<html xmlns="http://www.w3.org/1999/xhtml" xml:lang="en" lang="en">
 <head>
  <title>
</title>
<meta http-equiv="Content-Type" content="text/html;charset=utf-8" />
  <meta name='ocr-system' content='tesseract 3.04.00' />
  <meta name='ocr-capabilities' content='ocr_page ocr_carea ocr_par ocr_line ocrx_word'/>
</head>
<body>
  <div class='ocr_page' id='page_1' title='image "./deineffabilitrin00stam_0012.png"; bbox 0 0 1872 2964; ppageno 0'>
   <div class='ocr_carea' id='block_1_1' title="bbox 273 357 1754 2491">
    <p class='ocr_par' dir='ltr' id='par_1_1' title="bbox 276 357 1748 774">
     <span class='ocr_line' id='line_1_1' title="bbox 276 357 1744 428; baseline -0.001 -16"><span class='ocrx_word' id='word_1_1' title='bbox 276 363 339 412; x_wconf 85' lang='lat' dir='ltr'>de</span> <span class='ocrx_word' id='word_1_2' title='bbox 369 357 581 411; x_wconf 82' lang='lat' dir='ltr'>tenebris</span> <span class='ocrx_word' id='word_1_3' title='bbox 613 359 663 410; x_wconf 84' lang='lat' dir='ltr'>in</span> <span class='ocrx_word' id='word_1_4' title='bbox 696 357 989 412; x_wconf 78' lang='lat' dir='ltr'>admirabile</span> <span class='ocrx_word' id='word_1_5' title='bbox 1033 362 1206 411; x_wconf 88' lang='lat' dir='ltr'>lumen</span> <span class='ocrx_word' id='word_1_6' title='bbox 1242 358 1380 411; x_wconf 88' lang='lat' dir='ltr'>suum</span> <span class='ocrx_word' id='word_1_7' title='bbox 1417 359 1486 428; x_wconf 82' lang='lat' dir='ltr'>(a)</span> <span class='ocrx_word' id='word_1_8' title='bbox 1528 360 1577 411; x_wconf 86' lang='lat' dir='ltr'>in</span> <span class='ocrx_word' id='word_1_9' title='bbox 1609 358 1744 412; x_wconf 87' lang='lat' dir='ltr'>viam</span> 
     </span>
     <span class='ocr_line' id='line_1_2' title="bbox 277 429 1743 502; baseline -0.001 -18"><span class='ocrx_word' id='word_1_10' title='bbox 277 435 412 501; x_wconf 77' lang='lat' dir='ltr'>pacis</span> <span class='ocrx_word' id='word_1_11' title='bbox 442 431 659 502; x_wconf 84' lang='lat' dir='ltr'>dirigere</span> <span class='ocrx_word' id='word_1_12' title='bbox 695 429 846 487; x_wconf 85' lang='lat' dir='ltr'>sciat?</span> <span class='ocrx_word' id='word_1_13' title='bbox 887 433 1114 500; x_wconf 87' lang='lat' dir='ltr'>Denique</span> <span class='ocrx_word' id='word_1_14' title='bbox 1143 430 1261 501; x_wconf 88' lang='lat' dir='ltr'>quid</span> <span class='ocrx_word' id='word_1_15' title='bbox 1299 431 1432 482; x_wconf 89' lang='lat' dir='ltr'>aliud</span> <span class='ocrx_word' id='word_1_16' title='bbox 1470 434 1564 490; x_wconf 85' lang='lat' dir='ltr'>est,</span> <span class='ocrx_word' id='word_1_17' title='bbox 1593 449 1743 497; x_wconf 87' lang='lat' dir='ltr'>quam</span> 
     </span>
     <span class='ocr_line' id='line_1_3' title="bbox 278 502 1744 573; baseline -0.003 -16"><span class='ocrx_word' id='word_1_18' title='bbox 278 505 510 561; x_wconf 83' lang='lat' dir='ltr'>Bonitas,</span> <span class='ocrx_word' id='word_1_19' title='bbox 547 502 852 573; x_wconf 58' lang='lat' dir='ltr'>dilectioque</span> <span class='ocrx_word' id='word_1_20' title='bbox 893 505 1096 573; x_wconf 84' lang='lat' dir='ltr'><strong>Spiritus</strong></span> <span class='ocrx_word' id='word_1_21' title='bbox 1143 503 1305 555; x_wconf 69' lang='lat' dir='ltr'>Sancti</span> <span class='ocrx_word' id='word_1_22' title='bbox 1336 537 1350 558; x_wconf 88' lang='lat'>‚</span> <span class='ocrx_word' id='word_1_23' title='bbox 1384 521 1485 570; x_wconf 86' lang='lat' dir='ltr'>quae</span> <span class='ocrx_word' id='word_1_24' title='bbox 1519 505 1744 554; x_wconf 82' lang='lat' dir='ltr'>auferens</span> 
     </span>
     <span class='ocr_line' id='line_1_4' title="bbox 278 575 1745 645; baseline -0.003 -15"><span class='ocrx_word' id='word_1_25' title='bbox 278 595 367 630; x_wconf 90' lang='lat' dir='ltr'>cor</span> <span class='ocrx_word' id='word_1_26' title='bbox 401 577 654 645; x_wconf 83' lang='lat' dir='ltr'>lapideum</span> <span class='ocrx_word' id='word_1_27' title='bbox 677 576 739 643; x_wconf 78' lang='lat' dir='ltr'>(b)</span> <span class='ocrx_word' id='word_1_28' title='bbox 768 578 831 628; x_wconf 89' lang='lat' dir='ltr'>de</span> <span class='ocrx_word' id='word_1_29' title='bbox 865 595 1011 629; x_wconf 86' lang='lat' dir='ltr'>carne</span> <span class='ocrx_word' id='word_1_30' title='bbox 1043 575 1313 627; x_wconf 89' lang='lat' dir='ltr'>hominum</span> <span class='ocrx_word' id='word_1_31' title='bbox 1344 608 1356 630; x_wconf 90' lang='lat'>,</span> <span class='ocrx_word' id='word_1_32' title='bbox 1383 591 1469 625; x_wconf 89' lang='lat' dir='ltr'>cor</span> <span class='ocrx_word' id='word_1_33' title='bbox 1498 576 1745 627; x_wconf 84' lang='lat' dir='ltr'>mundum</span> 
     </span>
     <span class='ocr_line' id='line_1_5' title="bbox 281 645 1748 718; baseline -0.004 -16"><span class='ocrx_word' id='word_1_34' title='bbox 281 668 448 702; x_wconf 90' lang='lat' dir='ltr'>creare</span> <span class='ocrx_word' id='word_1_35' title='bbox 483 649 603 700; x_wconf 86' lang='lat' dir='ltr'>velit</span> <span class='ocrx_word' id='word_1_36' title='bbox 637 648 686 697; x_wconf 87' lang='lat' dir='ltr'>in</span> <span class='ocrx_word' id='word_1_37' title='bbox 707 649 773 699; x_wconf 88' lang='lat' dir='ltr'>eis</span> <span class='ocrx_word' id='word_1_38' title='bbox 801 650 864 717; x_wconf 88' lang='lat' dir='ltr'>(c)</span> <span class='ocrx_word' id='word_1_39' title='bbox 898 649 1233 718; x_wconf 88' lang='lat' dir='ltr'>Spiritumque</span> <span class='ocrx_word' id='word_1_40' title='bbox 1260 645 1454 698; x_wconf 74' lang='lat' dir='ltr'>retstum</span> <span class='ocrx_word' id='word_1_41' title='bbox 1484 648 1536 698; x_wconf 91' lang='lat' dir='ltr'>in</span> <span class='ocrx_word' id='word_1_42' title='bbox 1552 663 1748 697; x_wconf 88' lang='lat' dir='ltr'>eorum-</span> 
     </span>
     <span class='ocr_line' id='line_1_6' title="bbox 277 717 975 774; baseline -0.004 0"><span class='ocrx_word' id='word_1_43' title='bbox 277 724 398 774; x_wconf 90' lang='lat' dir='ltr'>dem</span> <span class='ocrx_word' id='word_1_44' title='bbox 437 717 700 774; x_wconf 89' lang='lat' dir='ltr'>visceribus</span> <span class='ocrx_word' id='word_1_45' title='bbox 726 721 933 772; x_wconf 86' lang='lat' dir='ltr'>innovet</span> <span class='ocrx_word' id='word_1_46' title='bbox 959 727 975 771; x_wconf 83' lang='lat'>?</span> 
     </span>
    </p>

    <p class='ocr_par' dir='ltr' id='par_1_2' title="bbox 273 788 1754 2434">
     <span class='ocr_line' id='line_1_7' title="bbox 429 788 1746 861; baseline -0.002 -17"><span class='ocrx_word' id='word_1_47' title='bbox 429 799 495 844; x_wconf 87' lang='lat' dir='ltr'>At</span> <span class='ocrx_word' id='word_1_48' title='bbox 527 811 592 843; x_wconf 90' lang='lat' dir='ltr'>ne</span> <span class='ocrx_word' id='word_1_49' title='bbox 623 791 728 859; x_wconf 87' lang='lat' dir='ltr'>quis</span> <span class='ocrx_word' id='word_1_50' title='bbox 777 791 905 842; x_wconf 90' lang='lat' dir='ltr'>forte</span> <span class='ocrx_word' id='word_1_51' title='bbox 943 792 1111 843; x_wconf 90' lang='lat' dir='ltr'>credat</span> <span class='ocrx_word' id='word_1_52' title='bbox 1158 808 1252 843; x_wconf 87' lang='lat' dir='ltr'>tres</span> <span class='ocrx_word' id='word_1_53' title='bbox 1299 809 1323 840; x_wconf 90' lang='lat' dir='ltr'>a</span> <span class='ocrx_word' id='word_1_54' title='bbox 1367 808 1449 842; x_wconf 90' lang='lat' dir='ltr'>me</span> <span class='ocrx_word' id='word_1_55' title='bbox 1480 788 1746 861; x_wconf 82' lang='lat' dir='ltr'>originales</span> 
     </span>
     <span class='ocr_line' id='line_1_8' title="bbox 277 860 1745 935; baseline -0.001 -18"><span class='ocrx_word' id='word_1_56' title='bbox 277 860 557 935; x_wconf 83' lang='lat' dir='ltr'>hypostases</span> <span class='ocrx_word' id='word_1_57' title='bbox 587 865 705 930; x_wconf 89' lang='lat' dir='ltr'>poni</span> <span class='ocrx_word' id='word_1_58' title='bbox 737 899 750 921; x_wconf 91' lang='lat'>,</span> <span class='ocrx_word' id='word_1_59' title='bbox 788 865 1201 931; x_wconf 85' lang='lat' dir='ltr'>operationemve</span> <span class='ocrx_word' id='word_1_60' title='bbox 1243 862 1350 915; x_wconf 81' lang='lat' dir='ltr'>Filii</span> <span class='ocrx_word' id='word_1_61' title='bbox 1387 900 1399 920; x_wconf 94' lang='lat'>‚</span> <span class='ocrx_word' id='word_1_62' title='bbox 1449 864 1745 916; x_wconf 61' lang='lat' dir='ltr'>aliarumve„</span> 
     </span>
     <span class='ocr_line' id='line_1_9' title="bbox 278 935 1750 1005; baseline -0.001 -18"><span class='ocrx_word' id='word_1_63' title='bbox 278 935 604 991; x_wconf 79' lang='lat' dir='ltr'>Personarum</span> <span class='ocrx_word' id='word_1_64' title='bbox 634 937 1004 988; x_wconf 79' lang='lat' dir='ltr'>TRINITATIS</span> <span class='ocrx_word' id='word_1_65' title='bbox 1034 952 1266 988; x_wconf 81' lang='lat' dir='ltr'>mancam</span> <span class='ocrx_word' id='word_1_66' title='bbox 1301 935 1465 994; x_wconf 81' lang='lat' dir='ltr'>mihi,</span> <span class='ocrx_word' id='word_1_67' title='bbox 1493 950 1635 1005; x_wconf 88' lang='lat' dir='ltr'>atque</span> <span class='ocrx_word' id='word_1_68' title='bbox 1657 936 1750 986; x_wconf 88' lang='lat' dir='ltr'>im-</span> 
     </span>
     <span class='ocr_line' id='line_1_10' title="bbox 276 1006 1751 1080; baseline -0.001 -21"><span class='ocrx_word' id='word_1_69' title='bbox 276 1008 553 1080; x_wconf 63' lang='lat' dir='ltr'>perfectam</span> <span class='ocrx_word' id='word_1_70' title='bbox 582 1006 674 1059; x_wconf 80' lang='lat' dir='ltr'>esse</span> <span class='ocrx_word' id='word_1_71' title='bbox 706 1010 864 1062; x_wconf 86' lang='lat' dir='ltr'>videri</span> <span class='ocrx_word' id='word_1_72' title='bbox 901 1045 911 1055; x_wconf 89' lang='lat'><strong>.</strong></span> <span class='ocrx_word' id='word_1_73' title='bbox 950 1010 1074 1073; x_wconf 86' lang='lat' dir='ltr'>Quae</span> <span class='ocrx_word' id='word_1_74' title='bbox 1118 1010 1307 1060; x_wconf 82' lang='lat' dir='ltr'>etenim</span> <span class='ocrx_word' id='word_1_75' title='bbox 1345 1006 1451 1060; x_wconf 89' lang='lat' dir='ltr'>sunt</span> <span class='ocrx_word' id='word_1_76' title='bbox 1481 1044 1494 1065; x_wconf 90' lang='lat'>‚</span> <span class='ocrx_word' id='word_1_77' title='bbox 1546 1025 1751 1060; x_wconf 59' lang='lat' dir='ltr'>eorum,</span> 
     </span>
     <span class='ocr_line' id='line_1_11' title="bbox 280 1079 1747 1149; baseline -0.004 -16"><span class='ocrx_word' id='word_1_78' title='bbox 280 1098 438 1133; x_wconf 86' lang='lat' dir='ltr'>unum</span> <span class='ocrx_word' id='word_1_79' title='bbox 477 1081 543 1130; x_wconf 85' lang='lat' dir='ltr'>est</span> <span class='ocrx_word' id='word_1_80' title='bbox 575 1080 775 1134; x_wconf 86' lang='lat' dir='ltr'>initium</span> <span class='ocrx_word' id='word_1_81' title='bbox 805 1099 891 1149; x_wconf 87' lang='lat' dir='ltr'>pet</span> <span class='ocrx_word' id='word_1_82' title='bbox 921 1081 1101 1132; x_wconf 64' lang='lat' dir='ltr'>vfilium</span> <span class='ocrx_word' id='word_1_83' title='bbox 1148 1082 1393 1134; x_wconf 86' lang='lat' dir='ltr'>condens,</span> <span class='ocrx_word' id='word_1_84' title='bbox 1430 1085 1482 1133; x_wconf 85' lang='lat'>&amp;</span> <span class='ocrx_word' id='word_1_85' title='bbox 1510 1082 1561 1133; x_wconf 88' lang='lat' dir='ltr'>in</span> <span class='ocrx_word' id='word_1_86' title='bbox 1598 1079 1747 1146; x_wconf 73' lang='lat' dir='ltr'>Spiri-</span> 
     </span>
     <span class='ocr_line' id='line_1_12' title="bbox 273 1148 1748 1222; baseline -0.001 -19"><span class='ocrx_word' id='word_1_87' title='bbox 273 1170 330 1204; x_wconf 87' lang='lat' dir='ltr'>tu</span> <span class='ocrx_word' id='word_1_88' title='bbox 365 1148 648 1219; x_wconf 86' lang='lat' dir='ltr'>perficiens.</span> <span class='ocrx_word' id='word_1_89' title='bbox 687 1155 853 1222; x_wconf 86' lang='lat' dir='ltr'>ltaque</span> <span class='ocrx_word' id='word_1_90' title='bbox 893 1151 1048 1203; x_wconf 87' lang='lat' dir='ltr'>veluti</span> <span class='ocrx_word' id='word_1_91' title='bbox 1076 1170 1136 1203; x_wconf 82' lang='lat' dir='ltr'>ex</span> <span class='ocrx_word' id='word_1_92' title='bbox 1161 1164 1332 1203; x_wconf 84' lang='lat' dir='ltr'>catena</span> <span class='ocrx_word' id='word_1_93' title='bbox 1363 1187 1375 1207; x_wconf 92' lang='lat'>‚</span> <span class='ocrx_word' id='word_1_94' title='bbox 1419 1165 1472 1203; x_wconf 90' lang='lat' dir='ltr'>ut</span> <span class='ocrx_word' id='word_1_95' title='bbox 1513 1153 1580 1203; x_wconf 88' lang='lat' dir='ltr'>ait</span> <span class='ocrx_word' id='word_1_96' title='bbox 1611 1151 1748 1203; x_wconf 87' lang='lat' dir='ltr'>idem</span> 
     </span>
     <span class='ocr_line' id='line_1_13' title="bbox 276 1222 1750 1292; baseline 0.001 -16"><span class='ocrx_word' id='word_1_97' title='bbox 276 1222 485 1276; x_wconf 72' lang='lat' dir='ltr'>Basilius</span> <span class='ocrx_word' id='word_1_98' title='bbox 515 1225 586 1288; x_wconf 80' lang='lat' dir='ltr'>(cl)</span> <span class='ocrx_word' id='word_1_99' title='bbox 614 1259 626 1276; x_wconf 86' lang='lat'><strong>‚</strong></span> <span class='ocrx_word' id='word_1_100' title='bbox 664 1241 941 1276; x_wconf 84' lang='lat' dir='ltr'>extremum</span> <span class='ocrx_word' id='word_1_101' title='bbox 971 1240 1128 1274; x_wconf 88' lang='lat' dir='ltr'>unum</span> <span class='ocrx_word' id='word_1_102' title='bbox 1152 1225 1234 1292; x_wconf 89' lang='lat' dir='ltr'>qui</span> <span class='ocrx_word' id='word_1_103' title='bbox 1263 1224 1591 1291; x_wconf 75' lang='lat' dir='ltr'>apprehendit</span> <span class='ocrx_word' id='word_1_104' title='bbox 1626 1255 1640 1277; x_wconf 64' lang='lat'><em>³</em></span> <span class='ocrx_word' id='word_1_105' title='bbox 1681 1223 1750 1272; x_wconf 79' lang='lat' dir='ltr'>al·</span> 
     </span>
     <span class='ocr_line' id='line_1_14' title="bbox 276 1294 1753 1365; baseline -0.003 -18"><span class='ocrx_word' id='word_1_106' title='bbox 276 1312 441 1346; x_wconf 84' lang='lat' dir='ltr'>terum</span> <span class='ocrx_word' id='word_1_107' title='bbox 465 1299 518 1347; x_wconf 71' lang='grc' dir='ltr'>δε</span> <span class='ocrx_word' id='word_1_108' title='bbox 552 1311 835 1347; x_wconf 85' lang='lat' dir='ltr'>extremum</span> <span class='ocrx_word' id='word_1_109' title='bbox 863 1296 1088 1353; x_wconf 83' lang='lat' dir='ltr'>attraxit3</span> <span class='ocrx_word' id='word_1_110' title='bbox 1127 1294 1190 1346; x_wconf 84' lang='lat' dir='ltr'>fic</span> <span class='ocrx_word' id='word_1_111' title='bbox 1215 1295 1452 1365; x_wconf 78' lang='lat' dir='ltr'>Spiritum</span> <span class='ocrx_word' id='word_1_112' title='bbox 1485 1297 1568 1365; x_wconf 89' lang='lat' dir='ltr'>qui</span> <span class='ocrx_word' id='word_1_113' title='bbox 1604 1307 1753 1345; x_wconf 80' lang='lat' dir='ltr'>attra-</span> 
     </span>
     <span class='ocr_line' id='line_1_15' title="bbox 276 1367 1751 1438; baseline -0.001 -20"><span class='ocrx_word' id='word_1_114' title='bbox 276 1367 353 1418; x_wconf 79' lang='lat' dir='ltr'>xit</span> <span class='ocrx_word' id='word_1_115' title='bbox 374 1401 386 1422; x_wconf 67' lang='lat'>2</span> <span class='ocrx_word' id='word_1_116' title='bbox 422 1368 847 1434; x_wconf 78' lang='lat' dir='ltr'>quemadmodum</span> <span class='ocrx_word' id='word_1_117' title='bbox 879 1369 1038 1436; x_wconf 87' lang='lat' dir='ltr'>inquit</span> <span class='ocrx_word' id='word_1_118' title='bbox 1065 1368 1304 1438; x_wconf 78' lang='lat' dir='ltr'>Propheta</span> <span class='ocrx_word' id='word_1_119' title='bbox 1324 1401 1336 1423; x_wconf 87' lang='lat'>,</span> <span class='ocrx_word' id='word_1_120' title='bbox 1375 1370 1426 1419; x_wconf 63' lang='grc' dir='ltr'>δέ</span> <span class='ocrx_word' id='word_1_121' title='bbox 1458 1367 1665 1422; x_wconf 84' lang='lat' dir='ltr'>Filium,</span> <span class='ocrx_word' id='word_1_122' title='bbox 1693 1371 1751 1421; x_wconf 65' lang='grc' dir='ltr'>δε</span> 
     </span>
     <span class='ocr_line' id='line_1_16' title="bbox 278 1436 1754 1508; baseline -0.001 -18"><span class='ocrx_word' id='word_1_123' title='bbox 278 1441 477 1490; x_wconf 84' lang='lat' dir='ltr'>Patrem</span> <span class='ocrx_word' id='word_1_124' title='bbox 506 1437 650 1490; x_wconf 82' lang='lat' dir='ltr'>simul</span> <span class='ocrx_word' id='word_1_125' title='bbox 670 1441 813 1490; x_wconf 85' lang='lat' dir='ltr'>traxit</span> <span class='ocrx_word' id='word_1_126' title='bbox 845 1437 1137 1508; x_wconf 85' lang='lat' dir='ltr'>peripsum.</span> <span class='ocrx_word' id='word_1_127' title='bbox 1165 1443 1297 1508; x_wconf 83' lang='lat' dir='ltr'>Ergo</span> <span class='ocrx_word' id='word_1_128' title='bbox 1325 1436 1357 1488; x_wconf 90' lang='lat' dir='ltr'>si</span> <span class='ocrx_word' id='word_1_129' title='bbox 1396 1441 1531 1489; x_wconf 83' lang='lat' dir='ltr'>Pater</span> <span class='ocrx_word' id='word_1_130' title='bbox 1563 1440 1613 1490; x_wconf 91' lang='lat' dir='ltr'>in</span> <span class='ocrx_word' id='word_1_131' title='bbox 1645 1455 1754 1488; x_wconf 87' lang='lat' dir='ltr'>om-</span> 
     </span>
     <span class='ocr_line' id='line_1_17' title="bbox 283 1510 1753 1578; baseline -0.001 -17"><span class='ocrx_word' id='word_1_132' title='bbox 283 1511 338 1561; x_wconf 85' lang='lat' dir='ltr'>ni</span> <span class='ocrx_word' id='word_1_133' title='bbox 369 1528 518 1578; x_wconf 87' lang='lat' dir='ltr'>opere</span> <span class='ocrx_word' id='word_1_134' title='bbox 548 1529 785 1563; x_wconf 87' lang='lat' dir='ltr'>manuum</span> <span class='ocrx_word' id='word_1_135' title='bbox 814 1510 1007 1562; x_wconf 85' lang='lat' dir='ltr'>suarum</span> <span class='ocrx_word' id='word_1_136' title='bbox 1035 1511 1102 1561; x_wconf 85' lang='lat' dir='ltr'>est</span> <span class='ocrx_word' id='word_1_137' title='bbox 1126 1530 1153 1562; x_wconf 86' lang='lat' dir='ltr'>a</span> <span class='ocrx_word' id='word_1_138' title='bbox 1184 1513 1307 1564; x_wconf 86' lang='lat' dir='ltr'>Filio</span> <span class='ocrx_word' id='word_1_139' title='bbox 1327 1545 1339 1565; x_wconf 89' lang='lat'>‚</span> <span class='ocrx_word' id='word_1_140' title='bbox 1379 1514 1432 1563; x_wconf 81' lang='lat'>&amp;</span> <span class='ocrx_word' id='word_1_141' title='bbox 1469 1512 1650 1578; x_wconf 86' lang='lat' dir='ltr'>Spiritu</span> <span class='ocrx_word' id='word_1_142' title='bbox 1684 1510 1753 1559; x_wconf 88' lang='lat' dir='ltr'>in-</span> 
     </span>
     <span class='ocr_line' id='line_1_18' title="bbox 282 1579 1747 1651; baseline -0.003 -18"><span class='ocrx_word' id='word_1_143' title='bbox 282 1579 596 1649; x_wconf 74' lang='lat' dir='ltr'>separabili33</span> <span class='ocrx_word' id='word_1_144' title='bbox 633 1584 856 1650; x_wconf 80' lang='lat' dir='ltr'>quisnam</span> <span class='ocrx_word' id='word_1_145' title='bbox 892 1579 1163 1651; x_wconf 77' lang='lat' dir='ltr'>praesertim</span> <span class='ocrx_word' id='word_1_146' title='bbox 1211 1584 1261 1636; x_wconf 84' lang='lat' dir='ltr'>in</span> <span class='ocrx_word' id='word_1_147' title='bbox 1304 1582 1407 1651; x_wconf 87' lang='lat' dir='ltr'>ipso</span> <span class='ocrx_word' id='word_1_148' title='bbox 1434 1583 1583 1633; x_wconf 88' lang='lat' dir='ltr'>nostri</span> <span class='ocrx_word' id='word_1_149' title='bbox 1612 1596 1747 1633; x_wconf 87' lang='lat' dir='ltr'>ortus</span> 
     </span>
     <span class='ocr_line' id='line_1_19' title="bbox 283 1652 1745 1723; baseline 0.001 -22"><span class='ocrx_word' id='word_1_150' title='bbox 283 1653 491 1703; x_wconf 81' lang='lat' dir='ltr'>exordio</span> <span class='ocrx_word' id='word_1_151' title='bbox 525 1673 693 1706; x_wconf 83' lang='lat' dir='ltr'>veram</span> <span class='ocrx_word' id='word_1_152' title='bbox 721 1658 1090 1707; x_wconf 79' lang='lat' dir='ltr'>TRINITATIS</span> <span class='ocrx_word' id='word_1_153' title='bbox 1121 1652 1473 1723; x_wconf 67' lang='lat' dir='ltr'>professionem</span> <span class='ocrx_word' id='word_1_154' title='bbox 1497 1688 1508 1709; x_wconf 90' lang='lat'>‚</span> <span class='ocrx_word' id='word_1_155' title='bbox 1533 1654 1745 1704; x_wconf 81' lang='lat' dir='ltr'>admira-</span> 
     </span>
     <span class='ocr_line' id='line_1_20' title="bbox 280 1721 1753 1795; baseline 0.002 -22"><span class='ocrx_word' id='word_1_156' title='bbox 280 1721 538 1793; x_wconf 86' lang='lat' dir='ltr'>bilemque</span> <span class='ocrx_word' id='word_1_157' title='bbox 571 1726 917 1780; x_wconf 85' lang='lat' dir='ltr'>discretionem</span> <span class='ocrx_word' id='word_1_158' title='bbox 958 1727 1271 1795; x_wconf 69' lang='lat' dir='ltr'>conjuncstam</span> <span class='ocrx_word' id='word_1_159' title='bbox 1297 1762 1310 1780; x_wconf 88' lang='lat'>‚</span> <span class='ocrx_word' id='word_1_160' title='bbox 1351 1731 1404 1778; x_wconf 85' lang='lat'>&amp;</span> <span class='ocrx_word' id='word_1_161' title='bbox 1445 1726 1753 1788; x_wconf 56' lang='lat' dir='ltr'>conjunctio-</span> 
     </span>
     <span class='ocr_line' id='line_1_21' title="bbox 279 1795 1751 1862; baseline 0.003 -17"><span class='ocrx_word' id='word_1_162' title='bbox 279 1812 399 1845; x_wconf 86' lang='lat' dir='ltr'>nem</span> <span class='ocrx_word' id='word_1_163' title='bbox 428 1796 689 1847; x_wconf 88' lang='lat' dir='ltr'>discretam</span> <span class='ocrx_word' id='word_1_164' title='bbox 727 1819 826 1849; x_wconf 86' lang='lat' dir='ltr'>non</span> <span class='ocrx_word' id='word_1_165' title='bbox 860 1797 1139 1861; x_wconf 84' lang='lat' dir='ltr'>intelliget?</span> <span class='ocrx_word' id='word_1_166' title='bbox 1182 1798 1301 1845; x_wconf 84' lang='lat' dir='ltr'>Non</span> <span class='ocrx_word' id='word_1_167' title='bbox 1337 1795 1475 1846; x_wconf 89' lang='lat' dir='ltr'>enim</span> <span class='ocrx_word' id='word_1_168' title='bbox 1508 1795 1751 1862; x_wconf 75' lang='lat' dir='ltr'>dixit‚fh-</span> 
     </span>
     <span class='ocr_line' id='line_1_22' title="bbox 283 1865 1743 1931; baseline 0.002 -17"><span class='ocrx_word' id='word_1_169' title='bbox 283 1870 402 1920; x_wconf 85' lang='lat' dir='ltr'>cito,</span> <span class='ocrx_word' id='word_1_170' title='bbox 437 1865 519 1916; x_wconf 83' lang='lat' dir='ltr'>sed</span> <span class='ocrx_word' id='word_1_171' title='bbox 550 1866 789 1931; x_wconf 68' lang='lat' dir='ltr'>finiamus</span> <span class='ocrx_word' id='word_1_172' title='bbox 823 1870 1040 1918; x_wconf 75' lang='lat' dir='ltr'>hominem</span> <span class='ocrx_word' id='word_1_173' title='bbox 1076 1869 1167 1931; x_wconf 58' lang='lat' dir='ltr'>‚(e):</span> <span class='ocrx_word' id='word_1_174' title='bbox 1208 1866 1454 1917; x_wconf 76' lang='lat' dir='ltr'>nimirum</span> <span class='ocrx_word' id='word_1_175' title='bbox 1494 1901 1506 1923; x_wconf 89' lang='lat'>‚</span> <span class='ocrx_word' id='word_1_176' title='bbox 1545 1869 1743 1919; x_wconf 86' lang='lat' dir='ltr'>testatur</span> 
     </span>
     <span class='ocr_line' id='line_1_23' title="bbox 280 1934 1743 2008; baseline 0.001 -21"><span class='ocrx_word' id='word_1_177' title='bbox 280 1934 492 2004; x_wconf 83' lang='lat' dir='ltr'>ipsemet</span> <span class='ocrx_word' id='word_1_178' title='bbox 518 1937 717 1990; x_wconf 84' lang='lat' dir='ltr'>Basilius</span> <span class='ocrx_word' id='word_1_179' title='bbox 741 1937 834 2008; x_wconf 83' lang='lat' dir='ltr'>(f),</span> <span class='ocrx_word' id='word_1_180' title='bbox 872 1958 934 1989; x_wconf 90' lang='lat' dir='ltr'>ne</span> <span class='ocrx_word' id='word_1_181' title='bbox 964 1939 1045 2005; x_wconf 89' lang='lat' dir='ltr'>qui</span> <span class='ocrx_word' id='word_1_182' title='bbox 1082 1940 1272 1991; x_wconf 81' lang='lat' dir='ltr'>Patrem</span> <span class='ocrx_word' id='word_1_183' title='bbox 1316 1934 1631 2006; x_wconf 81' lang='lat' dir='ltr'>agnosceres,</span> <span class='ocrx_word' id='word_1_184' title='bbox 1673 1940 1743 1989; x_wconf 85' lang='lat' dir='ltr'>Fi-</span> 
     </span>
     <span class='ocr_line' id='line_1_24' title="bbox 283 2008 1742 2076; baseline 0.001 -18"><span class='ocrx_word' id='word_1_185' title='bbox 283 2008 413 2058; x_wconf 87' lang='lat' dir='ltr'>lium</span> <span class='ocrx_word' id='word_1_186' title='bbox 443 2009 720 2075; x_wconf 77' lang='lat' dir='ltr'>ignorare33</span> <span class='ocrx_word' id='word_1_187' title='bbox 763 2029 814 2064; x_wconf 87' lang='lat' dir='ltr'>ut</span> <span class='ocrx_word' id='word_1_188' title='bbox 847 2011 992 2063; x_wconf 83' lang='lat' dir='ltr'>scires</span> <span class='ocrx_word' id='word_1_189' title='bbox 1024 2011 1213 2061; x_wconf 84' lang='lat' dir='ltr'>Patrem</span> <span class='ocrx_word' id='word_1_190' title='bbox 1249 2026 1334 2076; x_wconf 88' lang='lat' dir='ltr'>per</span> <span class='ocrx_word' id='word_1_191' title='bbox 1363 2008 1540 2060; x_wconf 83' lang='lat' dir='ltr'>Filium</span> <span class='ocrx_word' id='word_1_192' title='bbox 1562 2008 1742 2067; x_wconf 74' lang='lat' dir='ltr'>fecisse,</span> 
     </span>
     <span class='ocr_line' id='line_1_25' title="bbox 282 2080 1745 2150; baseline 0 -18"><span class='ocrx_word' id='word_1_193' title='bbox 282 2083 337 2132; x_wconf 63' lang='grc' dir='ltr'>δὲ</span> <span class='ocrx_word' id='word_1_194' title='bbox 372 2080 546 2131; x_wconf 81' lang='lat' dir='ltr'>Filium</span> <span class='ocrx_word' id='word_1_195' title='bbox 579 2098 775 2150; x_wconf 86' lang='lat' dir='ltr'>paterna</span> <span class='ocrx_word' id='word_1_196' title='bbox 816 2081 992 2134; x_wconf 84' lang='lat' dir='ltr'>creaffe</span> <span class='ocrx_word' id='word_1_197' title='bbox 1025 2081 1300 2136; x_wconf 81' lang='lat' dir='ltr'>voluntate,</span> <span class='ocrx_word' id='word_1_198' title='bbox 1335 2080 1634 2150; x_wconf 85' lang='lat' dir='ltr'>hymnisque</span> <span class='ocrx_word' id='word_1_199' title='bbox 1664 2085 1745 2132; x_wconf 76' lang='lat' dir='ltr'>Pa-</span> 
     </span>
     <span class='ocr_line' id='line_1_26' title="bbox 284 2152 1743 2219; baseline 0.002 -18"><span class='ocrx_word' id='word_1_200' title='bbox 284 2167 415 2202; x_wconf 84' lang='lat' dir='ltr'>trem</span> <span class='ocrx_word' id='word_1_201' title='bbox 448 2152 498 2204; x_wconf 89' lang='lat' dir='ltr'>in</span> <span class='ocrx_word' id='word_1_202' title='bbox 530 2154 681 2208; x_wconf 85' lang='lat' dir='ltr'>Filio,</span> <span class='ocrx_word' id='word_1_203' title='bbox 708 2160 760 2208; x_wconf 61' lang='grc' dir='ltr'>ὃς</span> <span class='ocrx_word' id='word_1_204' title='bbox 789 2155 968 2206; x_wconf 86' lang='lat' dir='ltr'>Filium</span> <span class='ocrx_word' id='word_1_205' title='bbox 1018 2153 1069 2202; x_wconf 88' lang='lat' dir='ltr'>in</span> <span class='ocrx_word' id='word_1_206' title='bbox 1099 2154 1274 2207; x_wconf 59' lang='lat' dir='ltr'>Sand&#39;co</span> <span class='ocrx_word' id='word_1_207' title='bbox 1308 2152 1487 2219; x_wconf 82' lang='lat' dir='ltr'>Spiritu</span> <span class='ocrx_word' id='word_1_208' title='bbox 1536 2153 1743 2206; x_wconf 85' lang='lat' dir='ltr'>extolle-</span> 
     </span>
     <span class='ocr_line' id='line_1_27' title="bbox 278 2222 1743 2294; baseline 0.002 -22"><span class='ocrx_word' id='word_1_209' title='bbox 278 2239 378 2273; x_wconf 84' lang='lat' dir='ltr'>res.</span> <span class='ocrx_word' id='word_1_210' title='bbox 399 2226 575 2276; x_wconf 86' lang='lat' dir='ltr'>Homo</span> <span class='ocrx_word' id='word_1_211' title='bbox 596 2222 746 2291; x_wconf 84' lang='lat' dir='ltr'>igitur</span> <span class='ocrx_word' id='word_1_212' title='bbox 773 2247 872 2278; x_wconf 89' lang='lat' dir='ltr'>non</span> <span class='ocrx_word' id='word_1_213' title='bbox 897 2229 980 2294; x_wconf 85' lang='lat' dir='ltr'>qui</span> <span class='ocrx_word' id='word_1_214' title='bbox 1010 2223 1128 2275; x_wconf 79' lang='lat' dir='ltr'>foris</span> <span class='ocrx_word' id='word_1_215' title='bbox 1148 2226 1321 2290; x_wconf 69' lang='lat' dir='ltr'>est(g)‚</span> <span class='ocrx_word' id='word_1_216' title='bbox 1355 2226 1438 2273; x_wconf 87' lang='lat' dir='ltr'>hic</span> <span class='ocrx_word' id='word_1_217' title='bbox 1468 2225 1605 2275; x_wconf 81' lang='lat' dir='ltr'>enim</span> <span class='ocrx_word' id='word_1_218' title='bbox 1634 2242 1743 2275; x_wconf 89' lang='lat' dir='ltr'>cor-</span> 
     </span>
     <span class='ocr_line' id='line_1_28' title="bbox 281 2294 1742 2367; baseline 0.003 -24"><span class='ocrx_word' id='word_1_219' title='bbox 281 2296 560 2362; x_wconf 84' lang='lat' dir='ltr'>rumpitur,</span> <span class='ocrx_word' id='word_1_220' title='bbox 598 2294 680 2349; x_wconf 89' lang='lat' dir='ltr'>sed</span> <span class='ocrx_word' id='word_1_221' title='bbox 716 2301 798 2367; x_wconf 84' lang='lat' dir='ltr'>qui</span> <span class='ocrx_word' id='word_1_222' title='bbox 831 2301 958 2350; x_wconf 83' lang='lat' dir='ltr'>intus</span> <span class='ocrx_word' id='word_1_223' title='bbox 993 2333 1005 2352; x_wconf 94' lang='lat'>,</span> <span class='ocrx_word' id='word_1_224' title='bbox 1045 2313 1406 2363; x_wconf 79' lang='lat' dir='ltr'>renovaturque</span> <span class='ocrx_word' id='word_1_225' title='bbox 1441 2295 1503 2344; x_wconf 91' lang='lat' dir='ltr'>de</span> <span class='ocrx_word' id='word_1_226' title='bbox 1541 2295 1622 2344; x_wconf 82' lang='lat' dir='ltr'>die</span> <span class='ocrx_word' id='word_1_227' title='bbox 1664 2296 1742 2347; x_wconf 67' lang='lat' dir='ltr'>im</span> 
     </span>
     <span class='ocr_line' id='line_1_29' title="bbox 288 2365 1742 2434; baseline -0.001 -15"><span class='ocrx_word' id='word_1_228' title='bbox 288 2366 457 2423; x_wconf 88' lang='lat' dir='ltr'>diem,</span> <span class='ocrx_word' id='word_1_229' title='bbox 483 2385 507 2416; x_wconf 90' lang='lat' dir='ltr'>a</span> <span class='ocrx_word' id='word_1_230' title='bbox 536 2371 681 2422; x_wconf 88' lang='lat' dir='ltr'>totius</span> <span class='ocrx_word' id='word_1_231' title='bbox 710 2373 1041 2424; x_wconf 76' lang='lat' dir='ltr'>TRINITATl</span> <span class='ocrx_word' id='word_1_232' title='bbox 1061 2390 1080 2421; x_wconf 90' lang='lat' dir='ltr'>s</span> <span class='ocrx_word' id='word_1_233' title='bbox 1108 2386 1219 2419; x_wconf 86' lang='lat' dir='ltr'>cura</span> <span class='ocrx_word' id='word_1_234' title='bbox 1238 2404 1252 2426; x_wconf 91' lang='lat'>,</span> <span class='ocrx_word' id='word_1_235' title='bbox 1282 2383 1425 2433; x_wconf 89' lang='lat' dir='ltr'>atque</span> <span class='ocrx_word' id='word_1_236' title='bbox 1463 2365 1742 2434; x_wconf 84' lang='lat' dir='ltr'>benignita-</span> 
     </span>
    </p>

    <p class='ocr_par' dir='ltr' id='par_1_3' title="bbox 1697 2456 1745 2491">
     <span class='ocr_line' id='line_1_30' title="bbox 1697 2456 1745 2491; baseline 0 0"><span class='ocrx_word' id='word_1_237' title='bbox 1697 2456 1745 2491; x_wconf 93' lang='lat' dir='ltr'>te</span> 
     </span>
    </p>
   </div>
   <div class='ocr_carea' id='block_1_2' title="bbox 327 2589 463 2602">
    <p class='ocr_par' dir='ltr' id='par_1_4' title="bbox 327 2589 463 2602">
     <span class='ocr_line' id='line_1_31' title="bbox 327 2589 463 2602; baseline -0.007 -3"><span class='ocrx_word' id='word_1_238' title='bbox 327 2589 463 2602; x_wconf 58' lang='lat' dir='ltr'>nun——</span> 
     </span>
    </p>
   </div>
   <div class='ocr_carea' id='block_1_3' title="bbox 347 2622 1743 2794">
    <p class='ocr_par' dir='ltr' id='par_1_5' title="bbox 347 2622 1743 2794">
     <span class='ocr_line' id='line_1_32' title="bbox 348 2622 1581 2673; baseline 0 -12"><span class='ocrx_word' id='word_1_239' title='bbox 348 2624 408 2671; x_wconf 84' lang='lat' dir='ltr'>(a)</span> <span class='ocrx_word' id='word_1_240' title='bbox 440 2635 474 2661; x_wconf 84' lang='lat'>1.</span> <span class='ocrx_word' id='word_1_241' title='bbox 492 2627 594 2662; x_wconf 81' lang='lat' dir='ltr'>Petr.</span> <span class='ocrx_word' id='word_1_242' title='bbox 617 2637 655 2662; x_wconf 86' lang='lat'>2.</span> <span class='ocrx_word' id='word_1_243' title='bbox 674 2637 712 2672; x_wconf 90' lang='lat'>9.</span> <span class='ocrx_word' id='word_1_244' title='bbox 774 2622 835 2672; x_wconf 88' lang='lat' dir='ltr'>(b)</span> <span class='ocrx_word' id='word_1_245' title='bbox 862 2624 998 2664; x_wconf 82' lang='lat' dir='ltr'>Ezech.</span> <span class='ocrx_word' id='word_1_246' title='bbox 1022 2636 1084 2662; x_wconf 75' lang='lat' dir='ltr'>tt.</span> <span class='ocrx_word' id='word_1_247' title='bbox 1110 2637 1173 2671; x_wconf 83' lang='lat'>19.</span> <span class='ocrx_word' id='word_1_248' title='bbox 1220 2626 1276 2672; x_wconf 84' lang='lat' dir='ltr'>(c)</span> <span class='ocrx_word' id='word_1_249' title='bbox 1306 2623 1410 2673; x_wconf 73' lang='lat' dir='ltr'>Psal.</span> <span class='ocrx_word' id='word_1_250' title='bbox 1430 2636 1496 2670; x_wconf 86' lang='lat'>50·</span> <span class='ocrx_word' id='word_1_251' title='bbox 1518 2636 1581 2661; x_wconf 87' lang='lat'>12.</span> 
     </span>
     <span class='ocr_line' id='line_1_33' title="bbox 347 2680 1743 2735; baseline 0.001 -15"><span class='ocrx_word' id='word_1_252' title='bbox 347 2681 411 2728; x_wconf 87' lang='lat' dir='ltr'>(d)</span> <span class='ocrx_word' id='word_1_253' title='bbox 442 2680 557 2735; x_wconf 72' lang='lat' dir='ltr'>Epist.</span> <span class='ocrx_word' id='word_1_254' title='bbox 577 2683 642 2731; x_wconf 84' lang='lat'>38.</span> <span class='ocrx_word' id='word_1_255' title='bbox 665 2682 719 2720; x_wconf 85' lang='lat' dir='ltr'>ad</span> <span class='ocrx_word' id='word_1_256' title='bbox 734 2684 886 2735; x_wconf 75' lang='lat' dir='ltr'>Gregor,</span> <span class='ocrx_word' id='word_1_257' title='bbox 905 2686 1098 2722; x_wconf 85' lang='lat' dir='ltr'>Fratrem.</span> <span class='ocrx_word' id='word_1_258' title='bbox 1116 2681 1224 2721; x_wconf 78' lang='lat' dir='ltr'>Edit.</span> <span class='ocrx_word' id='word_1_259' title='bbox 1246 2686 1389 2722; x_wconf 62' lang='lat' dir='ltr'>[Maur.</span> <span class='ocrx_word' id='word_1_260' title='bbox 1435 2681 1491 2729; x_wconf 81' lang='lat' dir='ltr'>(c)</span> <span class='ocrx_word' id='word_1_261' title='bbox 1510 2684 1599 2720; x_wconf 83' lang='lat' dir='ltr'>Gen.</span> <span class='ocrx_word' id='word_1_262' title='bbox 1625 2691 1658 2718; x_wconf 88' lang='lat'>1.</span> <span class='ocrx_word' id='word_1_263' title='bbox 1678 2686 1743 2721; x_wconf 85' lang='lat'>26.</span> 
     </span>
     <span class='ocr_line' id='line_1_34' title="bbox 352 2739 1699 2794; baseline -0.001 -14"><span class='ocrx_word' id='word_1_264' title='bbox 352 2739 421 2786; x_wconf 71' lang='lat' dir='ltr'>(f)</span> <span class='ocrx_word' id='word_1_265' title='bbox 447 2744 560 2781; x_wconf 77' lang='lat' dir='ltr'>Orat.</span> <span class='ocrx_word' id='word_1_266' title='bbox 580 2743 616 2780; x_wconf 94' lang='lat' dir='ltr'>I.</span> <span class='ocrx_word' id='word_1_267' title='bbox 638 2741 683 2781; x_wconf 84' lang='lat' dir='ltr'>de</span> <span class='ocrx_word' id='word_1_268' title='bbox 699 2739 1084 2793; x_wconf 66' lang='lat' dir='ltr'>Hominisstrfflura</span> <span class='ocrx_word' id='word_1_269' title='bbox 1111 2769 1120 2781; x_wconf 89' lang='lat'><strong>.</strong></span> <span class='ocrx_word' id='word_1_270' title='bbox 1184 2742 1244 2794; x_wconf 76' lang='lat' dir='ltr'>(g)</span> <span class='ocrx_word' id='word_1_271' title='bbox 1265 2754 1301 2782; x_wconf 87' lang='lat'>2.</span> <span class='ocrx_word' id='word_1_272' title='bbox 1319 2741 1373 2780; x_wconf 82' lang='lat' dir='ltr'>ad</span> <span class='ocrx_word' id='word_1_273' title='bbox 1387 2739 1555 2780; x_wconf 78' lang='lat' dir='ltr'>Corinth.</span> <span class='ocrx_word' id='word_1_274' title='bbox 1571 2753 1610 2791; x_wconf 88' lang='lat'>4.</span> <span class='ocrx_word' id='word_1_275' title='bbox 1634 2743 1699 2779; x_wconf 82' lang='lat'>16.</span> 
     </span>
    </p>
   </div>
   <div class='ocr_carea' id='block_1_4' title="bbox 467 2590 603 2600">
    <p class='ocr_par' dir='ltr' id='par_1_6' title="bbox 467 2590 603 2600">
     <span class='ocr_line' id='line_1_35' title="bbox 467 2590 603 2600; baseline 0 0"><span class='ocrx_word' id='word_1_276' title='bbox 467 2590 603 2600; x_wconf 95' lang='lat' dir='ltr'> </span> 
     </span>
    </p>
   </div>
   <div class='ocr_carea' id='block_1_5' title="bbox 607 2588 1709 2601">
    <p class='ocr_par' dir='ltr' id='par_1_7' title="bbox 607 2588 1709 2601">
     <span class='ocr_line' id='line_1_36' title="bbox 607 2588 1709 2601; baseline 0 -1"><span class='ocrx_word' id='word_1_277' title='bbox 607 2589 875 2600; x_wconf 76' lang='lat'>———-</span> <span class='ocrx_word' id='word_1_278' title='bbox 882 2589 1293 2601; x_wconf 75' lang='lat'><strong>——-———·</strong></span> <span class='ocrx_word' id='word_1_279' title='bbox 1302 2588 1709 2600; x_wconf 71' lang='lat'>—-——.—-·-——-—</span> 
     </span>
    </p>
   </div>
  </div>
 </body>
</html>
